2022-04-27 20:30:12.770229,0.7453053999999999,0.1569064,8.394492399999999
2022-04-27 20:30:12.770229,0.784532,0.196133,8.4729456
2022-04-27 20:30:12.770229,0.784532,0.1176798,8.5121722
2022-04-27 20:30:12.770229,0.784532,0.1569064,8.433719
2022-04-27 20:30:12.770229,0.784532,0.1569064,8.5121722
2022-04-27 20:30:12.770229,0.8237586,0.1176798,8.433719
2022-04-27 20:30:12.770229,0.784532,0.1569064,8.4729456
2022-04-27 20:30:12.770229,0.8237586,0.1176798,8.5121722
2022-04-27 20:30:12.770229,0.784532,0.1569064,8.433719
2022-04-27 20:30:12.770229,0.784532,0.1569064,8.394492399999999
2022-04-27 20:30:12.770229,0.7060788,0.1569064,8.433719
2022-04-27 20:30:12.770229,1.9221034,0.6276256,8.629852
2022-04-27 20:30:12.770229,0.7453053999999999,0.0784532,8.433719
2022-04-27 20:30:12.770229,0.7060788,0.1176798,8.5121722
2022-04-27 20:30:12.770229,0.7060788,0.0784532,8.4729456
2022-04-27 20:30:12.770229,0.7060788,0.0784532,8.433719
2022-04-27 20:30:12.770229,0.6668522,0.1176798,8.4729456
2022-04-27 20:30:12.770229,0.7060788,0.1176798,8.433719
2022-04-27 20:30:12.770229,0.7060788,0.1176798,8.433719
2022-04-27 20:30:12.770229,0.7060788,0.1176798,8.4729456
2022-04-27 20:30:12.770229,0.784532,0.0,8.5121722
2022-04-27 20:30:12.770229,0.7060788,0.0784532,8.4729456
2022-04-27 20:30:12.770229,0.7453053999999999,0.1176798,8.4729456
2022-04-27 20:30:12.770229,0.6668522,0.0784532,8.4729456
2022-04-27 20:30:12.770229,0.7060788,0.1569064,8.433719
2022-04-27 20:30:12.770229,0.6668522,0.0784532,8.4729456
2022-04-27 20:30:12.770229,0.7060788,0.0784532,8.433719
2022-04-27 20:30:12.770229,0.7060788,0.1176798,8.433719
2022-04-27 20:30:12.770229,0.6668522,0.0784532,8.4729456
2022-04-27 20:30:12.770229,0.7453053999999999,0.0784532,8.394492399999999
2022-04-27 20:30:12.770229,0.7060788,0.1176798,8.433719
2022-04-27 20:30:12.770229,0.7060788,0.0784532,8.4729456
2022-04-27 20:30:12.770229,0.6668522,0.0784532,8.5121722
2022-04-27 20:30:12.770229,0.6668522,0.0784532,8.433719
2022-04-27 20:30:12.770229,0.7060788,0.1176798,8.4729456
2022-04-27 20:30:12.770229,0.6668522,0.1176798,8.4729456
2022-04-27 20:30:12.770229,0.6668522,0.0784532,8.433719
2022-04-27 20:30:12.770229,0.7060788,0.1176798,8.4729456
2022-04-27 20:30:12.770229,0.6668522,0.0784532,8.4729456
2022-04-27 20:30:12.770229,0.7060788,0.1176798,8.433719
2022-04-27 20:30:12.770229,0.6668522,0.0784532,8.433719
2022-04-27 20:30:12.770229,0.6668522,0.0784532,8.433719
2022-04-27 20:30:12.770229,0.7453053999999999,0.1176798,8.433719
2022-04-27 20:30:12.770229,0.6668522,0.0784532,8.4729456
2022-04-27 20:30:12.770229,0.7453053999999999,0.0784532,8.433719
2022-04-27 20:30:12.770229,0.6668522,0.1176798,8.394492399999999
2022-04-27 20:30:12.770229,0.6668522,0.0784532,8.433719
2022-04-27 20:30:12.770229,0.7453053999999999,0.1176798,8.4729456
2022-04-27 20:30:12.770229,0.7060788,0.1176798,8.4729456
2022-04-27 20:30:12.770229,0.7060788,0.0784532,8.4729456
2022-04-27 20:30:12.770229,0.6668522,0.0784532,8.433719
2022-04-27 20:30:12.770229,0.6668522,0.1176798,8.4729456
2022-04-27 20:30:12.770229,0.6668522,0.1176798,8.237585999999999
2022-04-27 20:30:12.770229,0.6668522,0.1176798,8.4729456
2022-04-27 20:30:12.770229,0.7060788,0.1176798,8.4729456
2022-04-27 20:30:12.770229,0.7060788,0.1176798,8.4729456
2022-04-27 20:30:12.770229,0.7060788,0.1176798,8.394492399999999
2022-04-27 20:30:12.770229,0.6668522,0.1176798,8.4729456
2022-04-27 20:30:12.770229,0.7060788,0.0784532,8.3552658
2022-04-27 20:30:12.770229,0.7060788,0.1176798,8.394492399999999
2022-04-27 20:30:12.770229,0.6668522,0.1176798,8.4729456
2022-04-27 20:30:12.770229,0.7453053999999999,0.0784532,8.5121722
2022-04-27 20:30:12.770229,0.7060788,0.0784532,8.5121722
2022-04-27 20:30:12.770229,0.6668522,0.1176798,8.394492399999999
2022-04-27 20:30:12.770229,0.6668522,0.1176798,8.433719
2022-04-27 20:30:12.770229,0.7060788,0.0784532,8.5121722
2022-04-27 20:30:12.770229,0.7060788,0.0784532,8.433719
2022-04-27 20:30:12.770229,0.7060788,0.0784532,8.4729456
2022-04-27 20:30:12.770229,0.6668522,0.0784532,8.394492399999999
2022-04-27 20:30:12.770229,0.7453053999999999,0.0784532,8.433719
2022-04-27 20:30:12.770229,0.7060788,0.0784532,8.4729456
2022-04-27 20:30:12.770229,0.6668522,0.1176798,8.433719
2022-04-27 20:30:12.770229,0.7060788,0.1176798,8.433719
2022-04-27 20:30:12.770229,0.7453053999999999,0.0784532,8.433719
2022-04-27 20:30:12.770229,0.6668522,0.0784532,8.433719
2022-04-27 20:30:12.770229,0.7060788,0.0784532,8.4729456
2022-04-27 20:30:12.770229,0.7060788,0.0784532,8.433719
2022-04-27 20:30:12.770229,0.6668522,0.1176798,8.394492399999999
2022-04-27 20:30:12.770229,0.7060788,0.1176798,8.433719
2022-04-27 20:30:12.770229,0.7060788,0.1176798,8.4729456
2022-04-27 20:30:12.770229,0.6668522,0.1176798,8.4729456
2022-04-27 20:30:12.770229,0.6668522,0.1176798,8.5513988
2022-04-27 20:30:12.770229,0.7060788,0.1176798,8.433719
2022-04-27 20:30:12.770229,0.6668522,0.1569064,8.4729456
2022-04-27 20:30:12.770229,0.6668522,0.1176798,8.4729456
2022-04-27 20:30:12.770229,0.7060788,0.0784532,8.394492399999999
2022-04-27 20:30:12.770229,0.7060788,0.0784532,8.4729456
2022-04-27 20:30:12.770229,0.6668522,0.1176798,8.4729456
2022-04-27 20:30:12.770229,0.7060788,0.1176798,8.4729456
2022-04-27 20:30:12.770229,0.6668522,0.1176798,8.4729456
2022-04-27 20:30:12.770229,0.7060788,0.1176798,8.433719
2022-04-27 20:30:12.770229,0.6668522,0.1569064,8.4729456
2022-04-27 20:30:12.770229,0.7060788,0.196133,8.4729456
2022-04-27 20:30:12.770229,0.7060788,0.0784532,8.4729456
2022-04-27 20:30:12.770229,0.6668522,0.1569064,8.4729456
2022-04-27 20:30:12.770229,0.6668522,0.1176798,8.4729456
2022-04-27 20:30:12.770229,0.7060788,0.1176798,8.4729456
2022-04-27 20:30:12.770229,0.6668522,0.1176798,8.4729456
2022-04-27 20:30:12.770229,0.6668522,0.1176798,8.433719
2022-04-27 20:30:12.770229,0.7060788,0.1176798,8.433719
2022-04-27 20:30:12.770229,0.7060788,0.0784532,8.5121722
2022-04-27 20:30:12.770229,0.6668522,0.1176798,8.433719
2022-04-27 20:30:12.770229,0.6668522,0.0784532,8.394492399999999
2022-04-27 20:30:12.770229,0.7453053999999999,0.0784532,8.5121722
2022-04-27 20:30:12.770229,0.7060788,0.0784532,8.433719
2022-04-27 20:30:12.770229,0.6668522,0.1176798,8.4729456
2022-04-27 20:30:12.770229,0.7060788,0.0784532,8.4729456
2022-04-27 20:30:12.770229,0.6668522,0.1176798,8.433719
2022-04-27 20:30:12.770229,0.7060788,0.1176798,8.433719
2022-04-27 20:30:12.770229,0.6668522,0.0784532,8.433719
2022-04-27 20:30:12.770229,0.7060788,0.1176798,8.433719
2022-04-27 20:30:12.770229,0.7060788,0.0784532,8.433719
2022-04-27 20:30:12.770229,0.7060788,0.0784532,8.5513988
2022-04-27 20:30:12.770229,0.7060788,0.0784532,8.433719
2022-04-27 20:30:12.770229,0.6668522,0.1569064,8.433719
2022-04-27 20:30:12.770229,0.7060788,0.0784532,8.4729456
2022-04-27 20:30:12.770229,0.7060788,0.1176798,8.394492399999999
2022-04-27 20:30:12.770229,0.6668522,0.1176798,8.5513988
2022-04-27 20:30:12.770229,0.7060788,0.0784532,8.4729456
2022-04-27 20:30:12.770229,0.7060788,0.1176798,8.433719
2022-04-27 20:30:12.770229,0.7060788,0.1176798,8.4729456
2022-04-27 20:30:12.770229,0.6668522,0.1176798,8.4729456
2022-04-27 20:30:12.770229,0.6668522,0.1176798,8.433719
2022-04-27 20:30:12.770229,0.6668522,0.1176798,8.4729456
2022-04-27 20:30:12.770229,0.7060788,0.0784532,8.394492399999999
2022-04-27 20:30:12.770229,0.7060788,0.1176798,8.433719
2022-04-27 20:30:12.770229,0.7060788,0.1176798,8.5513988
2022-04-27 20:30:12.770229,0.7060788,0.1176798,8.5513988
2022-04-27 20:30:12.770229,0.6668522,0.1176798,8.4729456
2022-04-27 20:30:12.770229,0.6668522,0.1176798,8.4729456
2022-04-27 20:30:12.770229,0.6276256,0.0784532,8.4729456
2022-04-27 20:30:12.770229,0.7060788,0.1176798,8.4729456
2022-04-27 20:30:12.770229,0.7060788,0.1176798,8.433719
2022-04-27 20:30:12.770229,0.6668522,0.0784532,8.4729456
2022-04-27 20:30:12.770229,0.7060788,0.1176798,8.394492399999999
2022-04-27 20:30:12.770229,0.6668522,0.1176798,8.433719
2022-04-27 20:30:12.770229,0.7060788,0.0784532,8.4729456
2022-04-27 20:30:12.770229,0.7453053999999999,0.0784532,8.4729456
2022-04-27 20:30:12.770229,0.8237586,-0.0392266,8.394492399999999
2022-04-27 20:30:12.770229,0.784532,0.1176798,8.433719
2022-04-27 20:30:12.770229,0.7453053999999999,0.0784532,8.433719
2022-04-27 20:30:12.770229,0.784532,0.1176798,8.433719
2022-04-27 20:30:12.770229,0.784532,0.0784532,8.433719
2022-04-27 20:30:12.770229,0.7453053999999999,0.1176798,8.5513988
2022-04-27 20:30:12.770229,0.784532,0.0784532,8.5121722
2022-04-27 20:30:12.770229,0.784532,0.0784532,8.433719
2022-04-27 20:30:12.770229,0.784532,0.0784532,8.5121722
2022-04-27 20:30:12.770229,0.784532,0.0784532,8.4729456
2022-04-27 20:30:12.770229,0.784532,0.1176798,8.433719
2022-04-27 20:30:12.770229,0.7453053999999999,0.0784532,8.5121722
2022-04-27 20:30:12.770229,0.8237586,0.1176798,8.4729456
2022-04-27 20:30:12.770229,0.784532,0.0784532,8.4729456
2022-04-27 20:30:12.770229,0.7060788,0.1176798,8.433719
2022-04-27 20:30:12.770229,0.784532,0.0784532,8.5121722
2022-04-27 20:30:12.770229,0.784532,0.1176798,8.4729456
2022-04-27 20:30:12.770229,0.7060788,0.1176798,8.433719
2022-04-27 20:30:12.770229,0.784532,0.0392266,8.5121722
2022-04-27 20:30:12.770229,0.8237586,0.0784532,8.4729456
2022-04-27 20:30:12.770229,0.784532,0.1176798,8.394492399999999
2022-04-27 20:30:12.770229,0.784532,0.0784532,8.4729456
2022-04-27 20:30:12.770229,0.7453053999999999,0.1176798,8.4729456
2022-04-27 20:30:12.770229,0.7453053999999999,0.1176798,8.433719
2022-04-27 20:30:12.770229,0.8237586,0.1176798,8.4729456
2022-04-27 20:30:12.770229,0.784532,0.0784532,8.433719
2022-04-27 20:30:12.770229,0.7453053999999999,0.1176798,8.4729456
2022-04-27 20:30:12.770229,0.784532,0.0784532,8.5513988
2022-04-27 20:30:12.770229,0.7453053999999999,0.1176798,8.433719
2022-04-27 20:30:12.770229,0.784532,0.0784532,8.433719
2022-04-27 20:30:12.770229,0.784532,0.0784532,8.5121722
2022-04-27 20:30:12.770229,0.784532,0.0784532,8.433719
2022-04-27 20:30:12.770229,0.784532,0.0784532,8.4729456
2022-04-27 20:30:12.770229,0.8237586,0.1176798,8.433719
2022-04-27 20:30:12.770229,0.784532,0.1176798,8.5121722
2022-04-27 20:30:12.770229,0.7453053999999999,0.1569064,8.5121722
2022-04-27 20:30:12.770229,0.784532,0.0784532,8.4729456
2022-04-27 20:30:12.770229,0.8237586,0.0784532,8.433719
2022-04-27 20:30:12.770229,0.784532,0.0784532,8.433719
2022-04-27 20:30:12.770229,0.7453053999999999,0.1176798,8.4729456
2022-04-27 20:30:12.770229,0.7453053999999999,0.1176798,8.4729456
2022-04-27 20:30:12.770229,0.8237586,0.1176798,8.5121722
2022-04-27 20:30:12.770229,0.784532,0.0784532,8.4729456
2022-04-27 20:30:12.770229,0.784532,0.0784532,8.433719
2022-04-27 20:30:12.770229,0.784532,0.0784532,8.433719
2022-04-27 20:30:12.770229,0.7453053999999999,0.1176798,8.433719
2022-04-27 20:30:12.770229,0.8237586,0.1176798,8.4729456
2022-04-27 20:30:12.770229,0.8237586,0.0784532,8.433719
2022-04-27 20:30:12.770229,0.8237586,0.0784532,8.433719
2022-04-27 20:30:12.770229,0.7453053999999999,0.1176798,8.4729456
2022-04-27 20:30:12.770229,0.784532,0.0784532,8.5513988
2022-04-27 20:30:12.770229,0.784532,0.1176798,8.4729456
2022-04-27 20:30:12.770229,0.7453053999999999,0.1569064,8.5121722
2022-04-27 20:30:12.770229,0.784532,0.1176798,8.3552658
2022-04-27 20:30:12.770229,0.784532,0.0784532,8.433719
2022-04-27 20:30:12.770229,0.7453053999999999,0.1176798,8.433719
2022-04-27 20:30:12.770229,0.784532,0.1176798,8.4729456
2022-04-27 20:30:12.770229,0.784532,0.0784532,8.433719
2022-04-27 20:30:12.770229,0.784532,0.0784532,8.4729456
2022-04-27 20:30:12.770229,0.7453053999999999,0.1176798,8.4729456
2022-04-27 20:30:12.770229,0.784532,0.0784532,8.4729456
2022-04-27 20:30:12.770229,0.784532,0.0392266,8.433719
2022-04-27 20:30:12.770229,0.784532,0.1176798,8.4729456
2022-04-27 20:30:12.770229,0.7453053999999999,0.1176798,8.5121722
2022-04-27 20:30:12.770229,0.7453053999999999,0.0784532,8.4729456
2022-04-27 20:30:12.770229,0.7453053999999999,0.1176798,8.5121722
2022-04-27 20:30:12.770229,0.784532,0.1176798,8.5121722
2022-04-27 20:30:12.770229,0.784532,0.0784532,8.433719
2022-04-27 20:30:12.770229,0.784532,0.0784532,8.5121722
2022-04-27 20:30:12.770229,0.784532,0.0784532,8.4729456
2022-04-27 20:30:12.770229,0.784532,0.0784532,8.433719
2022-04-27 20:30:12.770229,0.7060788,0.1176798,8.4729456
2022-04-27 20:30:12.770229,0.8237586,0.0784532,8.433719
2022-04-27 20:30:12.770229,0.7453053999999999,0.1176798,8.433719
2022-04-27 20:30:12.770229,0.784532,0.1176798,8.433719
2022-04-27 20:30:12.770229,0.8237586,0.0784532,8.433719
2022-04-27 20:30:12.770229,0.784532,0.0784532,8.433719
2022-04-27 20:30:12.770229,0.784532,0.1176798,8.433719
2022-04-27 20:30:12.770229,0.7453053999999999,0.0784532,8.433719
2022-04-27 20:30:12.770229,0.784532,0.0784532,8.433719
2022-04-27 20:30:12.770229,0.784532,0.1176798,8.433719
2022-04-27 20:30:12.770229,0.7453053999999999,0.1176798,8.5121722
2022-04-27 20:30:12.770229,0.784532,0.0784532,8.5121722
2022-04-27 20:30:12.770229,0.784532,0.0784532,8.4729456
2022-04-27 20:30:12.770229,0.784532,0.0784532,8.4729456
2022-04-27 20:30:12.770229,0.784532,0.1176798,8.4729456
2022-04-27 20:30:12.770229,0.784532,0.0392266,8.5121722
2022-04-27 20:30:12.770229,0.784532,0.0392266,8.433719
2022-04-27 20:30:12.770229,0.784532,0.0784532,8.4729456
2022-04-27 20:30:12.770229,0.784532,0.0784532,8.433719
2022-04-27 20:30:12.770229,0.7453053999999999,0.1176798,8.5121722
2022-04-27 20:30:12.770229,0.7453053999999999,0.1569064,8.433719
2022-04-27 20:30:12.770229,0.784532,0.0784532,8.4729456
2022-04-27 20:30:12.770229,0.784532,0.0784532,8.433719
2022-04-27 20:30:12.770229,0.784532,0.0784532,8.394492399999999
2022-04-27 20:30:12.770229,0.784532,0.1176798,8.5121722
2022-04-27 20:30:12.770229,0.784532,0.1176798,8.5121722
2022-04-27 20:30:12.770229,0.7453053999999999,0.0784532,8.433719
2022-04-27 20:30:12.770229,0.784532,0.0784532,8.4729456
2022-04-27 20:30:12.770229,0.784532,0.1176798,8.4729456
2022-04-27 23:00:41.781204,0.1176798,-0.2353596,8.5121722
2022-04-27 23:00:41.781204,0.0,-0.1569064,8.5121722
2022-04-27 23:00:41.781204,0.0392266,-0.2353596,8.5121722
2022-04-27 23:00:41.781204,0.0392266,-0.2353596,8.4729456
2022-04-27 23:00:41.781204,0.0392266,-0.2353596,8.4729456
2022-04-27 23:00:41.781204,0.0,-0.2745862,8.433719
2022-04-27 23:00:41.781204,0.0392266,-0.2353596,8.5121722
2022-04-27 23:00:41.781204,0.0392266,-0.1569064,8.4729456
2022-04-27 23:00:41.781204,0.0,-0.196133,8.4729456
2022-04-28 02:36:02.221062,0.2353596,-10.6304086,-1.7259703999999998
2022-04-28 02:36:02.221062,0.196133,-10.591182,-1.7259703999999998
2022-04-28 02:36:02.221062,0.2353596,-10.5519554,-1.8044235999999998
2022-04-28 02:36:02.221062,0.2353596,-10.6304086,-1.765197
2022-04-28 02:36:02.221062,0.196133,-10.6304086,-1.7259703999999998
2022-04-28 02:36:02.221062,0.196133,-10.6304086,-1.8044235999999998
2022-04-28 02:36:02.221062,0.196133,-10.591182,-1.6867438000000001
2022-04-28 02:36:02.221062,0.2353596,-10.6304086,-1.8044235999999998
2022-04-28 02:36:02.221062,0.1569064,-10.6304086,-1.765197
2022-04-28 02:36:02.221062,0.1569064,-10.6304086,-1.8044235999999998
2022-04-28 02:36:02.221062,0.2353596,-10.591182,-1.7259703999999998
2022-04-28 02:36:02.221062,0.196133,-10.6304086,-1.7259703999999998
2022-04-28 02:36:02.221062,0.196133,-10.6696352,-1.8044235999999998
2022-04-28 02:36:02.221062,0.196133,-10.6304086,-1.8436502
2022-04-28 02:36:02.221062,0.2353596,-10.6304086,-1.765197
2022-04-28 02:36:02.221062,0.196133,-10.591182,-1.765197
2022-04-28 02:36:02.221062,0.196133,-10.591182,-1.7259703999999998
2022-04-28 02:36:02.221062,0.2353596,-10.591182,-1.765197
2022-04-28 02:36:02.221062,0.196133,-10.591182,-1.765197
2022-04-28 02:36:02.221062,0.196133,-10.6304086,-1.8044235999999998
2022-04-28 02:36:02.221062,0.196133,-10.591182,-1.8044235999999998
2022-04-28 02:36:02.221062,0.2745862,-10.6696352,-1.765197
2022-04-28 02:36:02.221062,0.196133,-10.6304086,-1.7259703999999998
2022-04-28 02:36:02.221062,-0.2745862,-11.728753399999999,-2.5889556
2022-04-28 02:36:02.221062,0.2745862,-10.6304086,-2.0005566
2022-04-28 02:36:02.221062,0.2745862,-10.591182,-2.0005566
2022-04-28 02:36:02.221062,0.2353596,-10.591182,-2.0005566
2022-04-28 02:36:02.221062,0.2353596,-10.591182,-2.0005566
2022-04-28 02:36:02.221062,0.2745862,-10.591182,-1.96133
2022-04-28 02:36:02.221062,0.2745862,-10.6304086,-2.0397832
2022-04-28 02:36:02.221062,0.2745862,-10.6304086,-1.96133
2022-04-28 02:36:02.221062,0.3138128,-10.6304086,-2.0005566
2022-04-28 02:36:02.221062,0.2745862,-10.591182,-2.0005566
2022-04-28 02:36:02.221062,0.2745862,-10.591182,-1.96133
2022-04-28 02:36:02.221062,0.2745862,-10.6304086,-2.0005566
2022-04-28 02:36:02.221062,0.2745862,-10.6304086,-2.0005566
2022-04-28 02:36:02.221062,0.196133,-10.591182,-1.96133
2022-04-28 02:36:02.221062,0.2353596,-10.6304086,-2.0005566
2022-04-28 02:36:02.221062,0.2353596,-10.591182,-2.0005566
2022-04-28 02:36:02.221062,0.2745862,-10.6304086,-2.0005566
2022-04-28 02:36:02.221062,0.2745862,-10.6304086,-1.96133
2022-04-28 02:36:02.221062,0.2745862,-10.6304086,-2.0005566
2022-04-28 02:36:02.221062,0.3138128,-10.6304086,-2.0790097999999997
2022-04-28 02:36:02.221062,0.2745862,-10.6304086,-1.96133
2022-04-28 02:36:02.221062,0.2745862,-10.6304086,-2.0397832
2022-04-28 02:36:02.221062,0.2745862,-10.591182,-1.96133
2022-04-28 02:36:02.221062,0.2745862,-10.591182,-2.0005566
2022-04-28 02:36:02.221062,0.2353596,-10.591182,-2.0397832
2022-04-28 02:36:02.221062,0.2745862,-10.591182,-1.96133
2022-04-28 02:36:02.221062,0.2353596,-10.591182,-1.9221034
2022-04-28 02:36:02.221062,0.2353596,-10.6304086,-2.0397832
2022-04-28 02:36:02.221062,0.2353596,-10.591182,-2.0005566
2022-04-28 02:36:02.221062,0.2353596,-10.591182,-2.0397832
2022-04-28 02:36:02.221062,0.2745862,-10.6304086,-2.0397832
2022-04-28 02:36:02.221062,0.2353596,-10.591182,-2.0005566
2022-04-28 02:36:02.221062,0.2353596,-10.591182,-2.0397832
2022-04-28 02:36:02.221062,0.2745862,-10.591182,-2.0005566
2022-04-28 02:36:02.221062,0.2353596,-10.591182,-2.0005566
2022-04-28 02:36:02.221062,0.2745862,-10.591182,-1.96133
2022-04-28 02:36:02.221062,0.2745862,-10.591182,-1.96133
2022-04-28 02:36:02.221062,0.2745862,-10.6304086,-1.96133
2022-04-28 02:36:02.221062,0.2745862,-10.591182,-2.0005566
2022-04-28 02:36:02.221062,0.2353596,-10.6304086,-1.96133
2022-04-28 02:36:02.221062,0.2745862,-10.591182,-2.0790097999999997
2022-04-28 02:36:02.221062,0.2745862,-10.6304086,-1.96133
2022-04-28 02:36:02.221062,0.2745862,-10.591182,-1.96133
2022-04-28 02:36:02.221062,0.2745862,-10.591182,-2.0005566
2022-04-28 02:36:02.221062,0.2745862,-10.6304086,-2.0397832
2022-04-28 02:36:02.221062,0.2353596,-10.591182,-1.8828768
2022-04-28 02:36:02.221062,0.2353596,-10.591182,-1.96133
2022-04-28 02:36:02.221062,0.3138128,-10.6304086,-2.0005566
2022-04-28 02:36:02.221062,0.2745862,-10.591182,-1.96133
2022-04-28 02:36:02.221062,0.3138128,-10.591182,-1.96133
2022-04-28 02:36:02.221062,0.2353596,-10.6304086,-1.96133
2022-04-28 02:36:02.221062,0.2745862,-10.6304086,-1.96133
2022-04-28 02:36:02.221062,0.2745862,-10.6304086,-2.0397832
2022-04-28 02:36:02.221062,0.2745862,-10.591182,-2.0005566
2022-04-28 02:36:02.221062,0.2745862,-10.591182,-1.96133
2022-04-28 02:36:02.221062,0.2745862,-10.6304086,-1.96133
2022-04-28 02:36:02.221062,0.2745862,-10.6304086,-1.96133
2022-04-28 02:36:02.221062,0.2745862,-10.591182,-2.0005566
2022-04-28 02:36:02.221062,0.2745862,-10.591182,-2.0005566
2022-04-28 02:36:02.221062,0.2353596,-10.591182,-2.0005566
2022-04-28 02:36:02.221062,0.2353596,-10.591182,-1.96133
2022-04-28 02:36:02.221062,0.2745862,-10.6304086,-2.0005566
2022-04-28 02:36:02.221062,0.2745862,-10.6696352,-1.96133
2022-04-28 02:36:02.221062,0.2745862,-10.6304086,-2.0005566
2022-04-28 02:36:02.221062,0.2745862,-10.591182,-2.0790097999999997
2022-04-28 02:36:02.221062,0.2745862,-10.591182,-2.0005566
2022-04-28 02:36:02.221062,0.2745862,-10.6696352,-1.96133
2022-04-28 02:36:02.221062,0.2745862,-10.591182,-1.96133
2022-04-28 02:36:02.221062,0.2745862,-10.591182,-2.0397832
2022-04-28 02:36:02.221062,0.2745862,-10.6304086,-2.0005566
2022-04-28 02:36:02.221062,0.2353596,-10.6304086,-2.0397832
2022-04-28 02:36:02.221062,0.2745862,-10.591182,-2.0397832
2022-04-28 02:36:02.221062,0.2353596,-10.6304086,-2.0005566
2022-04-28 02:36:02.221062,0.2745862,-10.591182,-2.0005566
2022-04-28 02:36:02.221062,0.2353596,-10.6304086,-1.96133
2022-04-28 02:36:02.221062,0.3138128,-10.6304086,-2.0005566
2022-04-28 02:36:02.221062,0.2745862,-10.591182,-1.96133
2022-04-28 02:36:02.221062,0.2745862,-10.591182,-2.0005566
2022-04-28 02:36:02.221062,0.2745862,-10.591182,-1.96133
2022-04-28 02:36:02.221062,0.2353596,-10.591182,-1.96133
2022-04-28 02:36:02.221062,0.2353596,-10.6304086,-1.96133
2022-04-28 02:36:02.221062,0.2745862,-10.6304086,-2.0397832
2022-04-28 02:36:02.221062,0.2745862,-10.6696352,-2.0005566
2022-04-28 02:36:02.221062,0.2745862,-10.6304086,-2.0397832
2022-04-28 02:36:02.221062,0.2745862,-10.6304086,-2.0397832
2022-04-28 02:36:02.221062,0.2745862,-10.5519554,-1.96133
2022-04-28 02:36:02.221062,0.2745862,-10.6304086,-1.96133
2022-04-28 02:36:02.221062,0.2353596,-10.6304086,-2.0005566
2022-04-28 02:36:02.221062,0.3138128,-10.591182,-1.96133
2022-04-28 02:36:02.221062,0.2745862,-10.591182,-1.96133
2022-04-28 02:36:02.221062,0.2353596,-10.591182,-1.96133
2022-04-28 02:36:02.221062,0.2745862,-10.6304086,-2.0005566
2022-04-28 02:36:02.221062,0.3138128,-10.591182,-1.96133
2022-04-28 02:36:02.221062,0.3138128,-10.6304086,-2.0005566
2022-04-28 02:36:02.221062,0.2353596,-10.591182,-1.9221034
2022-04-28 02:36:02.221062,0.2745862,-10.6304086,-2.0005566
2022-04-28 02:36:02.221062,0.2745862,-10.6304086,-1.9221034
2022-04-28 02:36:02.221062,0.2745862,-10.591182,-2.0005566
2022-04-28 02:36:02.221062,0.2745862,-10.6304086,-2.0005566
2022-04-28 02:36:02.221062,0.2745862,-10.591182,-1.96133
2022-04-28 02:36:02.221062,0.2745862,-10.591182,-2.0005566
2022-04-28 02:36:02.221062,0.2745862,-10.6304086,-2.0397832
2022-04-28 02:36:02.221062,0.2353596,-10.591182,-2.0397832
2022-04-28 02:36:02.221062,0.2353596,-10.591182,-2.0005566
2022-04-28 02:36:02.221062,0.2745862,-10.591182,-2.0005566
2022-04-28 02:36:02.221062,0.2353596,-10.591182,-1.96133
2022-04-28 02:36:02.221062,0.2745862,-10.6304086,-2.0397832
2022-04-28 02:36:02.221062,0.2353596,-10.591182,-2.0005566
2022-04-28 02:36:02.221062,0.2353596,-10.6304086,-2.0005566
2022-04-28 02:36:02.221062,0.2745862,-10.591182,-1.96133
2022-04-28 02:36:02.221062,0.2745862,-10.6304086,-2.0005566
2022-04-28 02:36:02.221062,0.2353596,-10.591182,-1.96133
2022-04-28 02:36:02.221062,0.2745862,-10.591182,-1.9221034
2022-04-28 02:36:02.221062,0.2353596,-10.5519554,-2.0005566
2022-04-28 02:36:02.221062,0.2745862,-10.6304086,-2.0005566
2022-04-28 02:36:02.221062,0.2745862,-10.591182,-2.0005566
2022-04-28 02:36:02.221062,0.2745862,-10.591182,-2.0005566
2022-04-28 02:36:02.221062,0.2353596,-10.6304086,-1.8828768
2022-04-28 02:36:02.221062,0.2353596,-10.5519554,-2.0005566
2022-04-28 02:36:02.221062,0.2745862,-10.591182,-1.96133
2022-04-28 02:36:02.221062,0.2745862,-10.6304086,-1.96133
2022-04-28 02:36:02.221062,0.2745862,-10.6304086,-2.0005566
2022-04-28 02:36:02.221062,0.2745862,-10.6304086,-1.9221034
2022-04-28 02:36:02.221062,0.2745862,-10.6304086,-2.0005566
2022-04-28 02:36:02.221062,0.2745862,-10.6304086,-2.0005566
2022-04-28 02:36:02.221062,0.2745862,-10.591182,-1.9221034
2022-04-28 02:36:02.221062,0.2353596,-10.6304086,-1.96133
2022-04-28 02:36:02.221062,0.2353596,-10.591182,-2.0397832
2022-04-28 02:36:02.221062,0.2353596,-10.591182,-2.0005566
2022-04-28 02:36:02.221062,0.2745862,-10.6304086,-2.0005566
2022-04-28 02:36:02.221062,0.2745862,-10.6304086,-1.9221034
2022-04-28 02:36:02.221062,0.2745862,-10.591182,-1.96133
2022-04-28 02:36:02.221062,0.2353596,-10.6304086,-2.0005566
2022-04-28 02:36:02.221062,0.2745862,-10.591182,-2.0005566
2022-04-28 02:36:02.221062,0.2745862,-10.6304086,-1.9221034
2022-04-28 02:36:02.221062,0.2353596,-10.591182,-2.0790097999999997
2022-04-28 02:36:02.221062,0.2745862,-10.6304086,-2.0005566
2022-04-28 02:36:02.221062,0.2745862,-10.591182,-1.96133
2022-04-28 02:36:02.221062,0.196133,-10.591182,-2.0005566
2022-04-28 02:36:02.221062,0.2745862,-10.591182,-2.0005566
2022-04-28 02:36:02.221062,0.2745862,-10.6304086,-1.9221034
2022-04-28 02:36:02.221062,0.3138128,-10.591182,-2.0397832
2022-04-28 02:36:02.221062,0.2745862,-10.6304086,-1.96133
2022-04-28 02:36:02.221062,0.2745862,-10.6304086,-1.96133
2022-04-28 02:36:02.221062,0.2353596,-10.6696352,-2.0005566
2022-04-28 02:36:02.221062,0.2353596,-10.6304086,-1.96133
2022-04-28 02:36:02.221062,0.2745862,-10.591182,-2.0005566
2022-04-28 02:36:02.221062,0.2745862,-10.591182,-1.96133
2022-04-28 02:36:02.221062,0.2745862,-10.591182,-1.96133
2022-04-28 02:36:02.221062,0.2745862,-10.6304086,-1.96133
2022-04-28 02:36:02.221062,0.2745862,-10.591182,-1.96133
2022-04-28 02:36:02.221062,0.3138128,-10.591182,-1.96133
2022-04-28 02:36:02.221062,0.2353596,-10.6304086,-1.9221034
2022-04-28 02:36:02.221062,0.2745862,-10.6304086,-2.0005566
2022-04-28 02:36:02.221062,0.2353596,-10.6304086,-2.0005566
2022-04-28 02:36:02.221062,0.2353596,-10.591182,-2.0005566
2022-04-28 02:36:02.221062,0.2745862,-10.6304086,-1.96133
2022-04-28 02:36:02.221062,0.2353596,-10.591182,-1.96133
2022-04-28 02:36:02.221062,0.2745862,-10.591182,-2.0005566
2022-04-28 02:36:02.221062,0.2745862,-10.591182,-2.0005566
2022-04-28 02:36:02.221062,0.2745862,-10.6304086,-1.96133
2022-04-28 02:36:02.221062,0.2353596,-10.591182,-2.0397832
2022-04-28 02:36:02.221062,0.3138128,-10.591182,-1.9221034
2022-04-28 02:36:02.221062,0.2745862,-10.591182,-2.0397832
2022-04-28 02:36:02.221062,0.2745862,-10.6304086,-2.0005566
2022-04-28 02:36:02.221062,0.196133,-10.5519554,-2.0397832
2022-04-28 02:36:02.221062,0.2353596,-10.6304086,-2.0397832
2022-04-28 02:36:02.221062,0.2353596,-10.591182,-2.0005566
2022-04-28 02:36:02.221062,0.2353596,-10.6304086,-2.0005566
2022-04-28 02:36:02.221062,0.2353596,-10.591182,-1.96133
2022-04-28 02:36:02.221062,0.2353596,-10.6304086,-1.96133
2022-04-28 02:36:02.221062,0.2745862,-10.6304086,-1.96133
2022-04-28 02:36:02.221062,0.2353596,-10.5519554,-1.9221034
2022-04-28 02:36:02.221062,0.2745862,-10.591182,-2.0005566
2022-04-28 02:36:02.221062,0.2745862,-10.6304086,-1.96133
2022-04-28 02:36:02.221062,0.2745862,-10.6304086,-2.0005566
2022-04-28 02:36:02.221062,0.2745862,-10.6304086,-2.0397832
2022-04-28 02:36:02.221062,0.2745862,-10.591182,-1.9221034
2022-04-28 02:36:02.221062,0.3138128,-10.6304086,-2.0005566
2022-04-28 02:36:02.221062,0.3138128,-10.6304086,-2.0005566
2022-04-28 02:36:02.221062,0.2745862,-10.6304086,-1.96133
2022-04-28 02:36:02.221062,0.2745862,-10.591182,-2.0005566
2022-04-28 02:36:02.221062,0.2745862,-10.591182,-1.96133
2022-04-28 02:36:02.221062,0.2353596,-10.6304086,-1.96133
2022-04-28 02:36:02.221062,0.3138128,-10.6304086,-2.0005566
2022-04-28 02:36:02.221062,0.2353596,-10.591182,-2.0397832
2022-04-28 02:36:02.221062,0.2745862,-10.6304086,-1.96133
2022-04-28 02:36:02.221062,0.2745862,-10.6304086,-2.0397832
2022-04-28 02:36:02.221062,0.2745862,-10.6304086,-2.0005566
2022-04-28 02:36:02.221062,0.2745862,-10.591182,-2.0397832
2022-04-28 02:36:02.221062,0.2745862,-10.7088618,-1.96133
2022-04-28 02:36:02.221062,0.2353596,-10.5519554,-2.0005566
2022-04-28 02:36:02.221062,0.2745862,-10.5519554,-1.96133
2022-04-28 02:36:02.221062,0.2745862,-10.6304086,-2.0005566
2022-04-28 02:36:02.221062,0.196133,-10.591182,-1.96133
2022-04-28 02:36:02.221062,0.2745862,-10.5519554,-2.0790097999999997
2022-04-28 02:36:02.221062,0.2745862,-10.591182,-1.96133
2022-04-28 02:36:02.221062,0.2353596,-10.591182,-1.9221034
2022-04-28 02:36:02.221062,0.2745862,-10.591182,-2.0005566
2022-04-28 02:36:02.221062,0.2745862,-10.6304086,-2.0397832
2022-04-28 02:36:02.221062,0.2745862,-10.5519554,-1.96133
2022-04-28 02:36:02.221062,0.2745862,-10.591182,-2.0005566
2022-04-28 02:36:02.221062,0.2745862,-10.591182,-2.0005566
2022-04-28 02:36:02.221062,0.2353596,-10.591182,-2.0005566
2022-04-28 02:36:02.221062,0.2745862,-10.6304086,-1.96133
2022-04-28 02:36:02.221062,0.2353596,-10.591182,-1.96133
2022-04-28 02:36:02.221062,0.2745862,-10.591182,-1.9221034
2022-04-28 02:36:02.221062,0.2745862,-10.591182,-2.0005566
2022-04-28 02:36:02.221062,0.2745862,-10.6304086,-2.0790097999999997
2022-04-28 02:36:02.221062,0.2745862,-10.6304086,-2.0005566
2022-04-28 02:36:02.221062,0.2745862,-10.591182,-1.9221034
2022-04-28 02:36:02.221062,0.2745862,-10.6304086,-2.0397832
2022-04-28 02:36:02.221062,0.2353596,-10.6304086,-1.9221034
2022-04-28 02:36:02.221062,0.2353596,-10.6304086,-1.9221034
2022-04-28 02:36:02.221062,0.2745862,-10.591182,-1.9221034
2022-04-28 02:36:02.221062,0.2353596,-10.591182,-1.96133
2022-04-28 02:36:02.221062,0.2745862,-10.591182,-1.96133
2022-04-28 02:36:02.221062,0.2353596,-10.591182,-2.0005566
2022-04-28 02:36:02.221062,0.2745862,-10.591182,-1.96133
2022-04-28 02:36:02.221062,0.2745862,-10.6304086,-2.0005566
2022-04-28 02:36:02.221062,0.2353596,-10.6304086,-1.96133
2022-04-28 02:36:02.221062,0.2745862,-10.591182,-1.96133
2022-04-28 02:36:02.221062,0.2353596,-10.591182,-2.0005566
2022-04-28 02:36:02.221062,0.2353596,-10.591182,-1.96133
2022-04-28 02:36:02.221062,0.2353596,-10.591182,-2.0397832
2022-04-28 02:36:02.221062,0.2745862,-10.591182,-1.96133
2022-04-28 02:36:02.221062,0.2745862,-10.6304086,-1.96133
2022-04-28 02:36:02.221062,0.2353596,-10.6696352,-2.0005566
2022-04-28 02:36:02.221062,0.2745862,-10.6304086,-1.9221034
2022-04-28 02:36:02.221062,0.2745862,-10.591182,-1.96133
2022-04-28 02:36:02.221062,0.2353596,-10.6304086,-2.0005566
2022-04-28 02:36:02.221062,0.2745862,-10.6304086,-2.0397832
2022-04-28 02:36:02.221062,0.2745862,-10.591182,-1.9221034
2022-04-28 02:36:02.221062,0.2745862,-10.591182,-2.0005566
2022-04-28 02:36:02.221062,0.2745862,-10.6304086,-1.9221034
2022-04-28 02:36:02.221062,0.2745862,-10.6304086,-2.0005566
2022-04-28 02:36:02.221062,0.2745862,-10.591182,-1.96133
2022-04-28 02:36:02.221062,0.2353596,-10.591182,-1.96133
2022-04-28 02:36:02.221062,0.2745862,-10.6304086,-1.96133
2022-04-28 02:36:02.221062,0.2745862,-10.591182,-1.9221034
2022-04-28 02:36:02.221062,0.2745862,-10.5519554,-2.0005566
2022-04-28 02:36:02.221062,0.2745862,-10.591182,-1.96133
2022-04-28 02:36:02.221062,0.2353596,-10.6304086,-2.0005566
2022-04-28 02:36:02.221062,0.2745862,-10.6304086,-1.9221034
2022-04-28 02:36:02.221062,0.2745862,-10.6304086,-2.0005566
2022-04-28 02:36:02.221062,0.2745862,-10.6304086,-2.0397832
2022-04-28 02:36:02.221062,0.3138128,-10.591182,-1.96133
2022-04-28 02:36:02.221062,0.2745862,-10.6304086,-1.96133
2022-04-28 02:36:02.221062,0.2745862,-10.591182,-2.0397832
2022-04-28 02:36:02.221062,0.2353596,-10.591182,-1.9221034
2022-04-28 02:36:02.221062,0.2353596,-10.591182,-1.96133
2022-04-28 02:36:02.221062,0.2353596,-10.591182,-1.96133
2022-04-28 02:36:02.221062,0.2745862,-10.6304086,-1.96133
2022-04-28 02:36:02.221062,0.2353596,-10.591182,-1.96133
2022-04-28 02:36:02.221062,0.2353596,-10.591182,-1.96133
2022-04-28 02:36:02.221062,0.2745862,-10.6304086,-1.9221034
2022-04-28 02:36:02.221062,0.2745862,-10.6304086,-2.0005566
2022-04-28 02:36:02.221062,0.2353596,-10.5519554,-1.96133
2022-04-28 02:36:02.221062,0.2745862,-10.591182,-1.9221034
2022-04-28 02:36:02.221062,0.2745862,-10.6304086,-2.0005566
2022-04-28 02:36:02.221062,0.2353596,-10.591182,-2.0005566
2022-04-28 02:36:02.221062,0.2745862,-10.6696352,-2.0005566
2022-04-28 02:36:02.221062,0.2745862,-10.591182,-1.96133
2022-04-28 02:36:02.221062,0.2745862,-10.591182,-1.96133
2022-04-28 02:36:02.221062,0.3138128,-10.6304086,-1.9221034
2022-04-28 02:36:02.221062,0.2745862,-10.6304086,-2.0005566
2022-04-28 02:36:02.221062,0.2745862,-10.6304086,-1.96133
2022-04-28 02:36:02.221062,0.2745862,-10.591182,-1.8828768
2022-04-28 02:36:02.221062,0.2353596,-10.6304086,-1.96133
2022-04-28 02:36:02.221062,0.2353596,-10.591182,-1.96133
2022-04-28 02:36:02.221062,0.2745862,-10.6304086,-2.0005566
2022-04-28 02:36:02.221062,0.2745862,-10.6304086,-1.96133
2022-04-28 02:36:02.221062,0.2745862,-10.6304086,-1.96133
2022-04-28 02:36:02.221062,0.3138128,-10.6304086,-1.96133
2022-04-28 02:36:02.221062,0.2745862,-10.591182,-1.96133
2022-04-28 02:36:02.221062,0.2745862,-10.591182,-2.0005566
2022-04-28 02:36:02.221062,0.2745862,-10.591182,-1.96133
2022-04-28 02:36:02.221062,0.3138128,-10.6304086,-1.96133
2022-04-28 02:36:02.221062,0.2353596,-10.6304086,-1.8828768
2022-04-28 02:36:02.221062,0.2745862,-10.6696352,-2.0005566
2022-04-28 02:36:02.221062,0.2353596,-10.5519554,-1.9221034
2022-04-28 02:36:02.221062,0.2745862,-10.591182,-1.96133
2022-04-28 02:36:02.221062,0.2745862,-10.591182,-1.96133
2022-04-28 02:36:02.221062,0.2745862,-10.6304086,-2.0005566
2022-04-28 02:36:02.221062,0.2745862,-10.6304086,-1.96133
2022-04-28 02:36:02.221062,0.2353596,-10.591182,-1.9221034
2022-04-28 02:36:02.221062,0.2745862,-10.6304086,-1.96133
2022-04-28 02:36:02.221062,0.2353596,-10.6304086,-2.0005566
2022-04-28 02:36:02.221062,0.2745862,-10.591182,-2.0397832
2022-04-28 02:36:02.221062,0.2745862,-10.6304086,-1.96133
2022-04-28 02:36:02.221062,0.2745862,-10.591182,-2.0005566
2022-04-28 02:36:02.221062,0.2745862,-10.6304086,-1.96133
2022-04-28 02:36:02.221062,0.2353596,-10.591182,-1.96133
2022-04-28 02:36:02.221062,0.2353596,-10.591182,-1.96133
2022-04-28 02:36:02.221062,0.2745862,-10.6304086,-2.0397832
2022-04-28 02:36:02.221062,0.2745862,-10.6304086,-2.0005566
2022-04-28 02:36:02.221062,0.2745862,-10.6304086,-2.0005566
2022-04-28 02:36:02.221062,0.2745862,-10.6304086,-1.96133
2022-04-28 02:36:02.221062,0.2353596,-10.591182,-2.0005566
2022-04-28 02:36:02.221062,0.2353596,-10.6304086,-1.9221034
2022-04-28 02:36:02.221062,0.3138128,-10.6304086,-2.0397832
2022-04-28 02:36:02.221062,0.2745862,-10.6304086,-1.96133
2022-04-28 02:36:02.221062,0.2353596,-10.591182,-2.0005566
2022-04-28 02:36:02.221062,0.2745862,-10.6304086,-1.9221034
2022-04-28 02:36:02.221062,0.3138128,-10.6696352,-1.96133
2022-04-28 02:36:02.221062,0.3138128,-10.591182,-1.96133
2022-04-28 02:36:02.221062,0.2745862,-10.6304086,-2.0005566
2022-04-28 02:36:02.221062,0.3138128,-10.591182,-1.8436502
2022-04-28 02:36:02.221062,0.2745862,-10.6304086,-1.96133
2022-04-28 02:36:02.221062,0.3138128,-10.6304086,-1.96133
2022-04-28 02:36:02.221062,0.2745862,-10.6304086,-1.96133
2022-04-28 02:36:02.221062,0.2745862,-10.6304086,-1.96133
2022-04-28 02:36:02.221062,0.2745862,-10.6696352,-2.0005566
2022-04-28 02:36:02.221062,0.2745862,-10.6696352,-2.0005566
2022-04-28 02:36:02.221062,0.2745862,-10.591182,-2.0397832
2022-04-28 02:36:02.221062,0.2745862,-10.591182,-2.0005566
2022-04-28 02:36:02.221062,0.2745862,-10.591182,-1.96133
2022-04-28 02:36:02.221062,0.2353596,-10.6304086,-2.0005566
2022-04-28 02:36:02.221062,0.2353596,-10.6304086,-1.96133
2022-04-28 02:36:02.221062,0.2745862,-10.6304086,-1.96133
2022-04-28 02:36:02.221062,0.2745862,-10.591182,-1.96133
2022-04-28 02:36:02.221062,0.2353596,-10.591182,-1.96133
2022-04-28 02:36:02.221062,0.2353596,-10.6304086,-2.0005566
2022-04-28 02:36:02.221062,0.2353596,-10.6304086,-1.96133
2022-04-28 02:36:02.221062,0.2745862,-10.591182,-1.96133
2022-04-28 02:36:02.221062,0.2745862,-10.6304086,-1.96133
2022-04-28 02:36:02.221062,0.2745862,-10.6304086,-2.0005566
2022-04-28 02:36:02.221062,0.2353596,-10.591182,-2.0005566
2022-04-28 02:36:02.221062,0.2745862,-10.591182,-1.96133
2022-04-28 02:36:02.221062,0.2745862,-10.6304086,-1.96133
2022-04-28 02:36:02.221062,0.3138128,-10.591182,-1.96133
2022-04-28 02:36:02.221062,0.2745862,-10.591182,-1.96133
2022-04-28 02:36:02.221062,0.2745862,-10.6304086,-2.0005566
2022-04-28 02:36:02.221062,0.2353596,-10.591182,-1.8828768
2022-04-28 02:36:02.221062,0.2353596,-10.591182,-1.96133
2022-04-28 02:36:02.221062,0.2745862,-10.6696352,-2.0005566
2022-04-28 02:36:02.221062,0.2353596,-10.591182,-2.0397832
2022-04-28 02:36:02.221062,0.2353596,-10.6304086,-2.0005566
2022-04-28 02:36:02.221062,0.2745862,-10.6304086,-1.96133
2022-04-28 02:36:02.221062,0.2745862,-10.591182,-1.96133
2022-04-28 02:36:02.221062,0.2353596,-10.591182,-1.96133
2022-04-28 02:36:02.221062,0.2353596,-10.6304086,-2.0005566
2022-04-28 02:36:02.221062,0.3138128,-10.6304086,-1.96133
2022-04-28 02:36:02.221062,0.3138128,-10.6304086,-2.0005566
2022-04-28 02:36:02.221062,0.2353596,-10.6304086,-1.96133
2022-04-28 02:36:02.221062,0.2745862,-10.6304086,-1.9221034
2022-04-28 02:36:02.221062,0.2745862,-10.591182,-1.9221034
2022-04-28 02:36:02.221062,0.2745862,-10.6304086,-1.9221034
2022-04-28 02:36:02.221062,0.2353596,-10.591182,-2.0005566
2022-04-28 02:36:02.221062,0.2745862,-10.6304086,-1.96133
2022-04-28 02:36:02.221062,0.3138128,-10.6304086,-1.96133
2022-04-28 02:36:02.221062,0.2353596,-10.6304086,-2.0005566
2022-04-28 02:36:02.221062,0.2745862,-10.6304086,-2.0005566
2022-04-28 02:36:02.221062,0.2745862,-10.591182,-1.96133
2022-04-28 02:36:02.221062,0.2353596,-10.591182,-2.0005566
2022-04-28 02:36:02.221062,0.2745862,-10.6304086,-2.0005566
2022-04-28 02:36:02.221062,0.196133,-10.591182,-1.9221034
2022-04-28 02:36:02.221062,0.2745862,-10.591182,-1.9221034
2022-04-28 02:36:02.221062,0.2353596,-10.5519554,-2.0005566
2022-04-28 02:36:02.221062,0.2745862,-10.5519554,-1.96133
2022-04-28 02:36:02.221062,0.2745862,-10.591182,-1.96133
2022-04-28 02:36:02.221062,0.2745862,-10.6304086,-1.9221034
2022-04-28 02:36:02.221062,0.2745862,-10.591182,-1.96133
2022-04-28 02:36:02.221062,0.2745862,-10.6304086,-1.96133
2022-04-28 02:36:02.221062,0.2745862,-10.6304086,-1.96133
2022-04-28 02:36:02.221062,0.2745862,-10.591182,-1.96133
2022-04-28 02:36:02.221062,0.2745862,-10.591182,-2.0397832
2022-04-28 02:36:02.221062,0.2745862,-10.6304086,-1.96133
2022-04-28 02:36:02.221062,0.2353596,-10.591182,-2.0397832
2022-04-28 02:36:02.221062,0.2745862,-10.5519554,-1.96133
2022-04-28 02:36:02.221062,0.2745862,-10.6304086,-1.96133
2022-04-28 02:36:02.221062,0.2745862,-10.591182,-1.96133
2022-04-28 02:36:02.221062,0.2353596,-10.591182,-1.96133
2022-04-28 02:36:02.221062,0.3138128,-10.6304086,-2.0005566
2022-04-28 02:36:02.221062,0.2745862,-10.591182,-1.96133
2022-04-28 02:36:02.221062,0.2745862,-10.6304086,-1.96133
2022-04-28 02:36:02.221062,0.2745862,-10.591182,-2.0005566
2022-04-28 02:36:02.221062,0.2353596,-10.5519554,-1.9221034
2022-04-28 02:36:02.221062,0.2745862,-10.6304086,-1.96133
2022-04-28 02:36:02.221062,0.2745862,-10.591182,-2.0005566
2022-04-28 02:36:02.221062,0.2745862,-10.591182,-1.96133
2022-04-28 02:36:02.221062,0.2745862,-10.6304086,-1.96133
2022-04-28 02:36:02.221062,0.3138128,-10.6304086,-2.0005566
2022-04-28 02:36:02.221062,0.2353596,-10.591182,-1.96133
2022-04-28 02:36:02.221062,0.2745862,-10.6304086,-1.9221034
2022-04-28 02:36:02.221062,0.2745862,-10.6304086,-2.0005566
2022-04-28 02:36:02.221062,0.2353596,-10.591182,-1.9221034
2022-04-28 02:36:02.221062,0.2353596,-10.591182,-2.0005566
2022-04-28 02:36:02.221062,0.2353596,-10.591182,-1.9221034
2022-04-28 02:36:02.221062,0.2353596,-10.591182,-2.0397832
2022-04-28 02:36:02.221062,0.2745862,-10.591182,-1.96133
2022-04-28 02:36:02.221062,0.2745862,-10.6696352,-1.96133
2022-04-28 02:36:02.221062,0.2745862,-10.591182,-2.0005566
2022-04-28 02:36:02.221062,0.2745862,-10.591182,-2.0005566
2022-04-28 02:36:02.221062,0.2353596,-10.591182,-1.96133
2022-04-28 02:36:02.221062,0.2353596,-10.6304086,-1.96133
2022-04-28 02:36:02.221062,0.2745862,-10.6304086,-1.96133
2022-04-28 02:36:02.221062,0.2745862,-10.591182,-2.0005566
2022-04-28 02:36:02.221062,0.2745862,-10.6304086,-1.96133
2022-04-28 02:36:02.221062,0.2353596,-10.591182,-1.96133
2022-04-28 02:36:02.221062,0.2745862,-10.6304086,-1.9221034
2022-04-28 02:36:02.221062,0.2353596,-10.6304086,-1.96133
2022-04-28 02:36:02.221062,0.2745862,-10.591182,-1.96133
2022-04-28 02:36:02.221062,0.2353596,-10.591182,-2.0397832
2022-04-28 02:36:02.221062,0.2353596,-10.591182,-1.96133
2022-04-28 02:36:02.221062,0.2745862,-10.591182,-1.9221034
2022-04-28 02:36:02.221062,0.2745862,-10.591182,-1.9221034
2022-04-28 02:36:02.221062,0.2745862,-10.6304086,-1.96133
2022-04-28 02:36:02.221062,0.2745862,-10.591182,-2.0005566
2022-04-28 02:36:02.221062,0.2745862,-10.591182,-1.9221034
2022-04-28 02:36:02.221062,0.2745862,-10.591182,-1.96133
2022-04-28 02:36:02.221062,0.2745862,-10.6304086,-2.0397832
2022-04-28 02:36:02.221062,0.2745862,-10.591182,-2.0005566
2022-04-28 02:36:02.221062,0.2745862,-10.6304086,-1.8828768
2022-04-28 02:36:02.221062,0.2353596,-10.591182,-1.96133
2022-04-28 02:36:02.221062,0.2353596,-10.6304086,-2.0397832
2022-04-28 02:36:02.221062,0.2745862,-10.6304086,-2.0005566
2022-04-28 02:36:02.221062,0.2745862,-10.6304086,-2.0005566
2022-04-28 02:36:02.221062,0.2353596,-10.6304086,-2.0005566
2022-04-28 02:36:02.221062,0.2745862,-10.6304086,-2.0005566
2022-04-28 02:36:02.221062,0.2353596,-10.591182,-1.96133
2022-04-28 02:36:02.221062,0.2353596,-10.6304086,-1.9221034
2022-04-28 02:36:02.221062,0.2353596,-10.6304086,-2.0005566
2022-04-28 02:36:02.221062,0.2353596,-10.6304086,-1.9221034
2022-04-28 02:36:02.221062,0.2745862,-10.591182,-1.96133
2022-04-28 02:36:02.221062,0.2745862,-10.591182,-1.96133
2022-04-28 02:36:02.221062,0.2353596,-10.5519554,-2.0397832
2022-04-28 02:36:02.221062,0.2745862,-10.591182,-1.96133
2022-04-28 02:36:02.221062,0.2745862,-10.6304086,-2.0005566
2022-04-28 02:36:02.221062,0.2745862,-10.591182,-1.96133
2022-04-28 02:36:02.221062,0.2745862,-10.6304086,-1.96133
2022-04-28 02:36:02.221062,0.2353596,-10.5519554,-1.96133
2022-04-28 02:36:02.221062,0.2745862,-10.6304086,-1.9221034
2022-04-28 02:36:02.221062,0.2745862,-10.591182,-1.96133
2022-04-28 02:36:02.221062,0.2745862,-10.591182,-1.96133
2022-04-28 02:36:02.221062,0.2353596,-10.6304086,-1.96133
2022-04-28 02:36:02.221062,0.2353596,-10.591182,-1.9221034
2022-04-28 02:36:02.221062,0.2745862,-10.591182,-1.96133
2022-04-28 02:36:02.221062,0.2745862,-10.5519554,-1.96133
2022-04-28 02:36:02.221062,0.2353596,-10.6304086,-2.0005566
2022-04-28 02:36:02.221062,0.2745862,-10.6304086,-1.96133
2022-04-28 02:36:02.221062,0.2745862,-10.6304086,-1.8828768
2022-04-28 02:36:02.221062,0.2745862,-10.6304086,-1.9221034
2022-04-28 02:36:02.221062,0.2353596,-10.6304086,-1.96133
2022-04-28 02:36:02.221062,0.2353596,-10.6304086,-1.96133
2022-04-28 02:36:02.221062,0.2353596,-10.6304086,-1.96133
2022-04-28 02:36:02.221062,0.2745862,-10.6304086,-2.0005566
2022-04-28 02:36:02.221062,0.2353596,-10.591182,-1.96133
2022-04-28 02:36:02.221062,0.2745862,-10.6304086,-1.9221034
2022-04-28 02:36:02.221062,0.2353596,-10.6304086,-1.96133
2022-04-28 02:36:02.221062,0.2745862,-10.5519554,-2.0005566
2022-04-28 02:36:02.221062,0.2745862,-10.6304086,-2.0790097999999997
2022-04-28 02:36:02.221062,0.2353596,-10.6304086,-1.96133
2022-04-28 02:36:02.221062,0.2745862,-10.591182,-1.9221034
2022-04-28 02:36:02.221062,0.2745862,-10.591182,-2.0005566
2022-04-28 02:36:02.221062,0.2353596,-10.591182,-2.0005566
2022-04-28 02:36:02.221062,0.2745862,-10.6304086,-1.96133
2022-04-28 02:36:02.221062,0.2353596,-10.591182,-2.0005566
2022-04-28 02:36:02.221062,0.2745862,-10.591182,-1.96133
2022-04-28 02:36:02.221062,0.196133,-10.6304086,-1.96133
2022-04-28 02:36:02.221062,0.2745862,-10.6304086,-1.96133
2022-04-28 02:36:02.221062,0.2745862,-10.591182,-1.96133
2022-04-28 02:36:02.221062,0.2745862,-10.591182,-2.0005566
2022-04-28 02:36:02.221062,0.2745862,-10.591182,-2.0005566
2022-04-28 02:36:02.221062,0.2745862,-10.591182,-2.0397832
2022-04-28 02:36:02.221062,0.2745862,-10.6304086,-2.0005566
2022-04-28 02:36:02.221062,0.2353596,-10.591182,-1.96133
2022-04-28 02:36:02.221062,0.2353596,-10.6304086,-2.0005566
2022-04-28 02:36:02.221062,0.2353596,-10.591182,-1.96133
2022-04-28 02:36:02.221062,0.2353596,-10.5519554,-1.96133
2022-04-28 02:36:02.221062,0.2353596,-10.591182,-1.96133
2022-04-28 02:36:02.221062,0.2745862,-10.591182,-1.96133
2022-04-28 02:36:02.221062,0.2745862,-10.6304086,-1.9221034
2022-04-28 02:36:02.221062,0.2353596,-10.591182,-1.96133
2022-04-28 02:36:02.221062,0.196133,-10.591182,-1.9221034
2022-04-28 02:36:02.221062,0.3138128,-10.6304086,-1.96133
2022-04-28 02:36:02.221062,0.2745862,-10.6304086,-1.9221034
2022-04-28 02:36:02.221062,0.2353596,-10.591182,-1.96133
2022-04-28 02:36:02.221062,0.2745862,-10.6304086,-1.9221034
2022-04-28 02:36:02.221062,0.2353596,-10.6304086,-1.96133
2022-04-28 02:36:02.221062,0.2353596,-10.591182,-2.0005566
2022-04-28 02:36:02.221062,0.2745862,-10.6304086,-2.0005566
2022-04-28 02:36:02.221062,0.2353596,-10.6304086,-1.96133
2022-04-28 02:36:02.221062,0.2745862,-10.6696352,-1.96133
2022-04-28 02:36:02.221062,0.2353596,-10.6304086,-2.0397832
2022-04-28 02:36:02.221062,0.2745862,-10.6304086,-1.9221034
2022-04-28 02:36:02.221062,0.2745862,-10.591182,-1.8828768
2022-04-28 02:36:02.221062,0.2353596,-10.591182,-1.96133
2022-04-28 02:36:02.221062,0.2353596,-10.6304086,-1.96133
2022-04-28 02:36:02.221062,0.2353596,-10.591182,-1.96133
2022-04-28 02:36:02.221062,0.2745862,-10.6304086,-2.0005566
2022-04-28 02:36:02.221062,0.2353596,-10.591182,-2.0005566
2022-04-28 02:36:02.221062,0.2353596,-10.591182,-1.96133
2022-04-28 02:36:02.221062,0.3138128,-10.591182,-1.96133
2022-04-28 02:36:02.221062,0.2353596,-10.591182,-1.96133
2022-04-28 02:36:02.221062,0.3138128,-10.591182,-2.0005566
2022-04-28 02:36:02.221062,0.2745862,-10.591182,-2.0397832
2022-04-28 02:36:02.221062,0.2745862,-10.6304086,-1.96133
2022-04-28 02:36:02.221062,0.2353596,-10.591182,-1.96133
2022-04-28 02:36:02.221062,0.2745862,-10.6304086,-2.0397832
2022-04-28 02:36:02.221062,0.2745862,-10.6304086,-1.8828768
2022-04-28 02:36:02.221062,0.2745862,-10.6304086,-1.9221034
2022-04-28 02:36:02.221062,0.2353596,-10.591182,-1.96133
2022-04-28 02:36:02.221062,0.2745862,-10.6304086,-1.96133
2022-04-28 02:36:02.221062,0.2353596,-10.591182,-1.96133
2022-04-28 02:36:02.221062,0.2353596,-10.591182,-1.96133
2022-04-28 02:36:02.221062,0.2353596,-10.591182,-1.9221034
2022-04-28 02:36:02.221062,0.2745862,-10.591182,-2.0005566
2022-04-28 02:36:02.221062,0.2353596,-10.591182,-1.96133
2022-04-28 02:36:02.221062,0.2353596,-10.591182,-1.96133
2022-04-28 02:36:02.221062,0.2353596,-10.591182,-1.96133
2022-04-28 02:36:02.221062,0.2745862,-10.591182,-1.96133
2022-04-28 02:36:02.221062,0.2745862,-10.6304086,-1.96133
2022-04-28 02:36:02.221062,0.2353596,-10.591182,-2.0397832
2022-04-28 02:36:02.221062,0.2745862,-10.591182,-2.0005566
2022-04-28 02:36:02.221062,0.2745862,-10.591182,-1.9221034
2022-04-28 02:36:02.221062,0.2745862,-10.6304086,-1.96133
2022-04-28 02:36:02.221062,0.2745862,-10.591182,-1.9221034
2022-04-28 02:36:02.221062,0.2353596,-10.591182,-1.9221034
2022-04-28 02:36:02.221062,0.2745862,-10.6304086,-2.0005566
2022-04-28 02:36:02.221062,0.2745862,-10.6304086,-1.9221034
2022-04-28 02:36:02.221062,0.2353596,-10.591182,-1.9221034
2022-04-28 02:36:02.221062,0.2745862,-10.591182,-1.96133
2022-04-28 02:36:02.221062,0.2353596,-10.591182,-1.9221034
2022-04-28 02:36:02.221062,0.2353596,-10.591182,-2.0005566
2022-04-28 02:36:02.221062,0.2353596,-10.6304086,-1.96133
2022-04-28 02:36:02.221062,0.2745862,-10.6304086,-1.9221034
2022-04-28 02:36:02.221062,0.2353596,-10.591182,-2.0005566
2022-04-28 02:36:02.221062,0.2745862,-10.6304086,-2.0005566
2022-04-28 02:36:02.221062,0.2745862,-10.591182,-2.0005566
2022-04-28 02:36:02.221062,0.2353596,-10.6304086,-2.0005566
2022-04-28 02:36:02.221062,0.2353596,-10.591182,-2.0005566
2022-04-28 02:36:02.221062,0.2745862,-10.6304086,-2.0005566
2022-04-28 02:36:02.221062,0.2745862,-10.591182,-1.9221034
2022-04-28 02:36:02.221062,0.2745862,-10.591182,-1.96133
2022-04-28 02:36:02.221062,0.2745862,-10.6304086,-2.0005566
2022-04-28 02:36:02.221062,0.2745862,-10.6304086,-1.9221034
2022-04-28 02:36:02.221062,0.2745862,-10.6304086,-2.0005566
2022-04-28 02:36:02.221062,0.2353596,-10.591182,-1.96133
2022-04-28 02:36:02.221062,0.2353596,-10.6304086,-2.0005566
2022-04-28 02:36:02.221062,0.2353596,-10.6304086,-1.9221034
2022-04-28 02:36:02.221062,0.2745862,-10.6304086,-1.9221034
2022-04-28 02:36:02.221062,0.2745862,-10.6304086,-1.96133
2022-04-28 02:36:02.221062,0.3138128,-10.591182,-1.9221034
2022-04-28 02:36:02.221062,0.2353596,-10.6304086,-1.96133
2022-04-28 02:36:02.221062,0.2745862,-10.591182,-1.96133
2022-04-28 02:36:02.221062,0.2745862,-10.591182,-2.0005566
2022-04-28 02:36:02.221062,0.2353596,-10.591182,-1.96133
2022-04-28 02:36:02.221062,0.2745862,-10.591182,-1.9221034
2022-04-28 02:36:02.221062,0.3138128,-10.591182,-2.0005566
2022-04-28 02:36:02.221062,0.2745862,-10.6304086,-2.0005566
2022-04-28 02:36:02.221062,0.2353596,-10.591182,-1.96133
2022-04-28 02:36:02.221062,0.2353596,-10.6304086,-1.96133
2022-04-28 02:36:02.221062,0.2745862,-10.6304086,-1.96133
2022-04-28 02:36:02.221062,0.2353596,-10.591182,-2.0005566
2022-04-28 02:36:02.221062,0.3138128,-10.591182,-2.0005566
2022-04-28 02:36:02.221062,0.2353596,-10.6696352,-1.96133
2022-04-28 02:36:02.221062,0.2745862,-10.6304086,-2.0005566
2022-04-28 02:36:02.221062,0.2745862,-10.6304086,-1.96133
2022-04-28 02:36:02.221062,0.3138128,-10.6304086,-2.0005566
2022-04-28 02:36:02.221062,0.2353596,-10.591182,-1.96133
2022-04-28 02:36:02.221062,0.2745862,-10.591182,-1.96133
2022-04-28 02:36:02.221062,0.2353596,-10.6696352,-1.96133
2022-04-28 02:36:02.221062,0.2745862,-10.6304086,-1.9221034
2022-04-28 02:36:02.221062,0.2745862,-10.591182,-1.96133
2022-04-28 02:36:02.221062,0.2353596,-10.6304086,-1.96133
2022-04-28 02:36:02.221062,0.2353596,-10.591182,-1.96133
2022-04-28 02:36:02.221062,0.2745862,-10.591182,-1.96133
2022-04-28 02:36:02.221062,0.2353596,-10.6304086,-1.9221034
2022-04-28 02:36:02.221062,0.2745862,-10.6304086,-1.9221034
2022-04-28 02:36:02.221062,0.2745862,-10.6304086,-2.0005566
2022-04-28 02:36:02.221062,0.2353596,-10.591182,-2.0005566
2022-04-28 02:36:02.221062,0.2353596,-10.5519554,-1.8828768
2022-04-28 02:36:02.221062,0.2353596,-10.6304086,-1.96133
2022-04-28 02:36:02.221062,0.2353596,-10.6304086,-1.9221034
2022-04-28 02:36:02.221062,0.2745862,-10.6304086,-1.96133
2022-04-28 02:36:02.221062,0.2353596,-10.6304086,-1.96133
2022-04-28 02:36:02.221062,0.2353596,-10.591182,-1.96133
2022-04-28 02:36:02.221062,0.3138128,-10.6696352,-2.0005566
2022-04-28 02:36:02.221062,0.2745862,-10.591182,-1.96133
2022-04-28 02:36:02.221062,0.2745862,-10.6304086,-1.96133
2022-04-28 02:36:02.221062,0.3138128,-10.591182,-1.96133
2022-04-28 02:36:02.221062,0.2745862,-10.6304086,-1.96133
2022-04-28 02:36:02.221062,0.2745862,-10.591182,-1.96133
2022-04-28 02:36:02.221062,0.2745862,-10.591182,-2.0397832
2022-04-28 02:36:02.221062,0.2745862,-10.6696352,-1.9221034
2022-04-28 02:36:02.221062,0.2745862,-10.591182,-2.0005566
2022-04-28 02:36:02.221062,0.2353596,-10.6304086,-2.0005566
2022-04-28 02:36:02.221062,0.2745862,-10.6696352,-1.96133
2022-04-28 02:36:02.221062,0.2745862,-10.591182,-1.96133
2022-04-28 02:36:02.221062,0.2745862,-10.6304086,-1.96133
2022-04-28 02:36:02.221062,0.2353596,-10.6304086,-1.96133
2022-04-28 02:36:02.221062,0.2745862,-10.591182,-2.0005566
2022-04-28 02:36:02.221062,0.2745862,-10.591182,-1.96133
2022-04-28 02:36:02.221062,0.2745862,-10.6304086,-1.96133
2022-04-28 02:36:02.221062,0.2745862,-10.591182,-1.96133
2022-04-28 02:36:02.221062,0.2745862,-10.6304086,-1.96133
2022-04-28 02:36:02.221062,0.2353596,-10.591182,-1.96133
2022-04-28 02:36:02.221062,0.196133,-10.591182,-1.9221034
2022-04-28 02:36:02.221062,0.2353596,-10.591182,-1.9221034
2022-04-28 02:36:02.221062,0.2745862,-10.6304086,-1.96133
2022-04-28 02:36:02.221062,0.2745862,-10.591182,-2.0005566
2022-04-28 02:36:02.221062,0.2353596,-10.591182,-1.96133
2022-04-28 02:36:02.221062,0.2745862,-10.591182,-2.0005566
2022-04-28 02:36:02.221062,0.2745862,-10.6304086,-2.0005566
2022-04-28 02:36:02.221062,0.2353596,-10.591182,-1.96133
2022-04-28 02:36:02.221062,0.2353596,-10.6304086,-2.0005566
2022-04-28 02:36:02.221062,0.2353596,-10.6304086,-1.9221034
2022-04-28 02:36:02.221062,0.2745862,-10.591182,-1.9221034
2022-04-28 02:36:02.221062,0.2745862,-10.6304086,-1.96133
2022-04-28 02:36:02.221062,0.3138128,-10.6304086,-2.0397832
2022-04-28 02:36:02.221062,0.2745862,-10.6304086,-1.9221034
2022-04-28 02:36:02.221062,0.3138128,-10.591182,-1.9221034
2022-04-28 02:36:02.221062,0.2745862,-10.6304086,-2.0005566
2022-04-28 02:36:02.221062,0.2353596,-10.6304086,-1.96133
2022-04-28 02:36:02.221062,0.2353596,-10.591182,-2.0005566
2022-04-28 02:36:02.221062,0.2353596,-10.591182,-1.96133
2022-04-28 02:36:02.221062,0.2745862,-10.6304086,-2.0005566
2022-04-28 02:36:02.221062,0.2745862,-10.591182,-1.9221034
2022-04-28 02:36:02.221062,0.2745862,-10.5519554,-1.96133
2022-04-28 02:36:02.221062,0.2353596,-10.6304086,-1.96133
2022-04-28 02:36:02.221062,0.2745862,-10.6304086,-2.0005566
2022-04-28 02:36:02.221062,0.2745862,-10.6304086,-1.96133
2022-04-28 02:36:02.221062,0.2745862,-10.591182,-2.0005566
2022-04-28 02:36:02.221062,0.2353596,-10.591182,-1.9221034
2022-04-28 02:36:02.221062,0.3138128,-10.6304086,-1.96133
2022-04-28 02:36:02.221062,0.2745862,-10.6304086,-2.0005566
2022-04-28 02:36:02.221062,0.2745862,-10.6304086,-2.0397832
2022-04-28 02:36:02.221062,0.2353596,-10.6304086,-1.9221034
2022-04-28 02:36:02.221062,0.2353596,-10.6304086,-1.9221034
2022-04-28 02:36:02.221062,0.2353596,-10.591182,-2.0005566
2022-04-28 02:36:02.221062,0.2745862,-10.6696352,-2.0005566
2022-04-28 02:36:02.221062,0.2745862,-10.591182,-1.96133
2022-04-28 02:36:02.221062,0.2745862,-10.6304086,-1.96133
2022-04-28 02:36:02.221062,0.2745862,-10.591182,-1.96133
2022-04-28 02:36:02.221062,0.3138128,-10.591182,-1.96133
2022-04-28 02:36:02.221062,0.2353596,-10.591182,-1.96133
2022-04-28 02:36:02.221062,0.2353596,-10.5519554,-2.0005566
2022-04-28 02:36:02.221062,0.2745862,-10.591182,-1.8828768
2022-04-28 02:36:02.221062,0.2745862,-10.591182,-1.96133
2022-04-28 02:36:02.221062,0.2745862,-10.6304086,-2.0005566
2022-04-28 02:36:02.221062,0.2353596,-10.6304086,-1.96133
2022-04-28 02:36:02.221062,0.2353596,-10.591182,-1.96133
2022-04-28 02:36:02.221062,0.2353596,-10.6304086,-2.0005566
2022-04-28 02:36:02.221062,0.2353596,-10.591182,-1.96133
2022-04-28 02:36:02.221062,0.2745862,-10.6304086,-1.9221034
2022-04-28 02:36:02.221062,0.2745862,-10.6304086,-2.0005566
2022-04-28 02:36:02.221062,0.2353596,-10.591182,-2.0005566
2022-04-28 02:36:02.221062,0.196133,-10.591182,-2.0005566
2022-04-28 02:36:02.221062,0.2353596,-10.6304086,-1.96133
2022-04-28 02:36:02.221062,0.2353596,-10.6304086,-1.96133
2022-04-28 02:36:02.221062,0.2353596,-10.591182,-1.96133
2022-04-28 02:36:02.221062,0.2745862,-10.6304086,-2.0397832
2022-04-28 02:36:02.221062,0.2353596,-10.591182,-1.96133
2022-04-28 02:36:02.221062,0.2745862,-10.6304086,-1.9221034
2022-04-28 02:36:02.221062,0.2745862,-10.591182,-2.0005566
2022-04-28 02:36:02.221062,0.2353596,-10.591182,-2.0005566
2022-04-28 02:36:02.221062,0.3138128,-10.6696352,-1.96133
2022-04-28 02:36:02.221062,0.2353596,-10.591182,-1.96133
2022-04-28 02:36:02.221062,0.2745862,-10.6304086,-1.96133
2022-04-28 02:36:02.221062,0.2745862,-10.591182,-2.0005566
2022-04-28 02:36:02.221062,0.2353596,-10.591182,-1.96133
2022-04-28 02:36:02.221062,0.2353596,-10.6696352,-2.0005566
2022-04-28 02:36:02.221062,0.3138128,-10.591182,-1.8828768
2022-04-28 02:36:02.221062,0.2353596,-10.6304086,-1.9221034
2022-04-28 02:36:02.221062,0.2745862,-10.6304086,-2.0005566
2022-04-28 02:36:02.221062,0.2745862,-10.6304086,-1.9221034
2022-04-28 02:36:02.221062,0.2745862,-10.6304086,-1.96133
2022-04-28 02:36:02.221062,0.2353596,-10.591182,-1.9221034
2022-04-28 02:36:02.221062,0.2745862,-10.591182,-1.96133
2022-04-28 02:36:02.221062,0.2745862,-10.6304086,-1.9221034
2022-04-28 02:36:02.221062,0.2745862,-10.6304086,-1.9221034
2022-04-28 02:36:02.221062,0.2745862,-10.6304086,-1.9221034
2022-04-28 02:36:02.221062,0.2353596,-10.5519554,-1.8828768
2022-04-28 02:36:02.221062,0.2745862,-10.6304086,-1.96133
2022-04-28 02:36:02.221062,0.3138128,-10.6304086,-1.96133
2022-04-28 02:36:02.221062,0.2353596,-10.6304086,-1.96133
2022-04-28 02:36:02.221062,0.2745862,-10.6304086,-2.0005566
2022-04-28 02:36:02.221062,0.2745862,-10.6304086,-1.9221034
2022-04-28 02:36:02.221062,0.3138128,-10.6304086,-2.0005566
2022-04-28 02:36:02.221062,0.2353596,-10.591182,-2.0397832
2022-04-28 02:36:02.221062,0.2353596,-10.6304086,-1.8828768
2022-04-28 02:36:02.221062,0.2745862,-10.591182,-1.9221034
2022-04-28 02:36:02.221062,0.2353596,-10.6304086,-2.0397832
2022-04-28 02:36:02.221062,0.2353596,-10.591182,-1.9221034
2022-04-28 02:36:02.221062,0.2353596,-10.591182,-2.0005566
2022-04-28 02:36:02.221062,0.2353596,-10.5519554,-1.9221034
2022-04-28 02:36:02.221062,0.196133,-10.5519554,-1.9221034
2022-04-28 02:36:02.221062,0.2745862,-10.6696352,-1.96133
2022-04-28 02:36:02.221062,0.2353596,-10.6304086,-2.0005566
2022-04-28 02:36:02.221062,0.196133,-10.6304086,-1.96133
2022-04-28 02:36:02.221062,0.2353596,-10.591182,-1.96133
2022-04-28 02:36:02.221062,0.2745862,-10.591182,-2.0005566
2022-04-28 02:36:02.221062,0.2745862,-10.591182,-2.0005566
2022-04-28 02:36:02.221062,0.2353596,-10.591182,-2.0005566
2022-04-28 02:36:02.221062,0.2353596,-10.591182,-2.0005566
2022-04-28 02:36:02.221062,0.2745862,-10.591182,-1.8436502
2022-04-28 02:36:02.221062,0.2745862,-10.6304086,-2.0005566
2022-04-28 02:36:02.221062,0.2745862,-10.6696352,-1.96133
2022-04-28 02:36:02.221062,0.2353596,-10.591182,-1.9221034
2022-04-28 02:36:02.221062,0.2353596,-10.6304086,-1.9221034
2022-04-28 02:36:02.221062,0.2353596,-10.6304086,-1.96133
2022-04-28 02:36:02.221062,0.2745862,-10.6304086,-2.0005566
2022-04-28 02:36:02.221062,0.2745862,-10.591182,-1.96133
2022-04-28 02:36:02.221062,0.2353596,-10.6304086,-1.96133
2022-04-28 02:36:02.221062,0.2353596,-10.591182,-2.0397832
2022-04-28 02:36:02.221062,0.2353596,-10.5519554,-1.9221034
2022-04-28 02:36:02.221062,0.2353596,-10.591182,-2.0005566
2022-04-28 02:36:02.221062,0.2745862,-10.591182,-1.9221034
2022-04-28 02:36:02.221062,0.2745862,-10.6304086,-1.96133
2022-04-28 02:36:02.221062,0.196133,-10.6304086,-1.96133
2022-04-28 02:36:02.221062,0.2745862,-10.6304086,-1.9221034
2022-04-28 02:36:02.221062,0.2745862,-10.6696352,-1.96133
2022-04-28 02:36:02.221062,0.2353596,-10.6304086,-2.0005566
2022-04-28 02:36:02.221062,0.2353596,-10.6304086,-2.0005566
2022-04-28 02:36:02.221062,0.2353596,-10.6304086,-2.0005566
2022-04-28 02:36:02.221062,0.2353596,-10.6304086,-2.0005566
2022-04-28 02:36:02.221062,0.2745862,-10.6304086,-1.96133
2022-04-28 02:36:02.221062,0.2353596,-10.591182,-1.96133
2022-04-28 02:36:02.221062,0.2353596,-10.6304086,-2.0005566
2022-04-28 02:36:02.221062,0.2745862,-10.6304086,-1.96133
2022-04-28 02:36:02.221062,0.3138128,-10.591182,-2.0397832
2022-04-28 02:36:02.221062,0.2745862,-10.591182,-2.0005566
2022-04-28 02:36:02.221062,0.2745862,-10.6304086,-2.0397832
2022-04-28 02:36:02.221062,0.2353596,-10.591182,-1.96133
2022-04-28 02:36:02.221062,0.2745862,-10.6304086,-1.9221034
2022-04-28 02:36:02.221062,0.2353596,-10.5519554,-1.9221034
2022-04-28 02:36:02.221062,0.2353596,-10.591182,-1.96133
2022-04-28 02:36:02.221062,0.2745862,-10.6304086,-2.0005566
2022-04-28 02:36:02.221062,0.2745862,-10.6304086,-1.9221034
2022-04-28 02:36:02.221062,0.2745862,-10.591182,-2.0005566
2022-04-28 02:36:02.221062,0.2353596,-10.591182,-1.9221034
2022-04-28 02:36:02.221062,0.2745862,-10.6304086,-2.0005566
2022-04-28 02:36:02.221062,0.2745862,-10.6304086,-2.0005566
2022-04-28 02:36:02.221062,0.196133,-10.6304086,-2.0005566
2022-04-28 02:36:02.221062,0.2745862,-10.591182,-2.0005566
2022-04-28 02:36:02.221062,0.2745862,-10.591182,-2.0005566
2022-04-28 02:36:02.221062,0.196133,-10.591182,-1.96133
2022-04-28 02:36:02.221062,0.2353596,-10.6304086,-1.9221034
2022-04-28 02:36:02.221062,0.2353596,-10.6304086,-2.0005566
2022-04-28 02:36:02.221062,0.2353596,-10.6304086,-1.8828768
2022-04-28 02:36:02.221062,0.2353596,-10.591182,-1.96133
2022-04-28 02:36:02.221062,0.2745862,-10.591182,-1.9221034
2022-04-28 02:36:02.221062,0.2745862,-10.591182,-1.9221034
2022-04-28 02:36:02.221062,0.2353596,-10.6304086,-1.96133
2022-04-28 02:36:02.221062,0.2353596,-10.6304086,-1.96133
2022-04-28 02:36:02.221062,0.3138128,-10.6304086,-1.96133
2022-04-28 02:36:02.221062,0.2745862,-10.6304086,-1.96133
2022-04-28 02:36:02.221062,0.2745862,-10.591182,-2.0005566
2022-04-28 02:36:02.221062,0.2745862,-10.6304086,-1.96133
2022-04-28 02:36:02.221062,0.2353596,-10.591182,-1.96133
2022-04-28 02:36:02.221062,0.3138128,-10.6696352,-2.0005566
2022-04-28 02:36:02.221062,0.2353596,-10.6304086,-1.9221034
2022-04-28 02:36:02.221062,0.2745862,-10.6304086,-1.96133
2022-04-28 02:36:02.221062,0.2745862,-10.591182,-1.9221034
2022-04-28 02:36:02.221062,0.2353596,-10.6304086,-2.0005566
2022-04-28 02:36:02.221062,0.2745862,-10.6304086,-1.96133
2022-04-28 02:36:02.221062,0.3138128,-10.6696352,-2.0397832
2022-04-28 02:36:02.221062,0.2745862,-10.6304086,-1.96133
2022-04-28 02:36:02.221062,0.2745862,-10.6304086,-2.0005566
2022-04-28 02:36:02.221062,0.2745862,-10.6304086,-2.0005566
2022-04-28 02:36:02.221062,0.2353596,-10.6304086,-1.96133
2022-04-28 02:36:02.221062,0.2745862,-10.6304086,-1.96133
2022-04-28 02:36:02.221062,0.2353596,-10.5519554,-1.9221034
2022-04-28 02:36:02.221062,0.2353596,-10.5519554,-2.0397832
2022-04-28 02:36:02.221062,0.2745862,-10.6304086,-1.9221034
2022-04-28 02:36:02.221062,0.2745862,-10.6304086,-1.9221034
2022-04-28 02:36:02.221062,0.2745862,-10.6696352,-1.96133
2022-04-28 02:36:02.221062,0.2353596,-10.6304086,-2.0005566
2022-04-28 02:36:02.221062,0.2353596,-10.5519554,-1.96133
2022-04-28 02:36:02.221062,0.2353596,-10.591182,-1.96133
2022-04-28 02:36:02.221062,0.2353596,-10.6304086,-2.0005566
2022-04-28 02:36:02.221062,0.2745862,-10.6304086,-1.9221034
2022-04-28 02:36:02.221062,0.2745862,-10.6696352,-2.0005566
2022-04-28 02:36:02.221062,0.2745862,-10.591182,-1.96133
2022-04-28 02:36:02.221062,0.2353596,-10.6304086,-1.96133
2022-04-28 02:36:02.221062,0.2745862,-10.6304086,-1.96133
2022-04-28 02:36:02.221062,0.2745862,-10.6304086,-1.9221034
2022-04-28 02:36:02.221062,0.3138128,-10.6304086,-1.96133
2022-04-28 02:36:02.221062,0.2745862,-10.591182,-1.96133
2022-04-28 02:36:02.221062,0.2353596,-10.6304086,-1.8828768
2022-04-28 02:36:02.221062,0.2353596,-10.591182,-1.96133
2022-04-28 02:36:02.221062,0.2353596,-10.591182,-2.0005566
2022-04-28 02:36:02.221062,0.2745862,-10.6304086,-2.0005566
2022-04-28 02:36:02.221062,0.2745862,-10.6304086,-1.96133
2022-04-28 02:36:02.221062,0.2745862,-10.6696352,-2.0397832
2022-04-28 02:36:02.221062,0.2745862,-10.6304086,-1.96133
2022-04-28 02:36:02.221062,0.2745862,-10.591182,-1.96133
2022-04-28 02:36:02.221062,0.2745862,-10.6304086,-2.0397832
2022-04-28 02:36:02.221062,0.2745862,-10.6304086,-2.0005566
2022-04-28 02:36:02.221062,0.2745862,-10.6304086,-1.8828768
2022-04-28 02:36:02.221062,0.2745862,-10.591182,-2.0397832
2022-04-28 02:36:02.221062,0.2745862,-10.6304086,-1.96133
2022-04-28 02:36:02.221062,0.2745862,-10.6304086,-2.0005566
2022-04-28 02:36:02.221062,0.2745862,-10.591182,-1.96133
2022-04-28 02:36:02.221062,0.2745862,-10.6304086,-2.0005566
2022-04-28 02:36:02.221062,0.3138128,-10.591182,-2.0005566
2022-04-28 02:36:02.221062,0.2353596,-10.591182,-1.96133
2022-04-28 02:36:02.221062,0.2745862,-10.591182,-1.8828768
2022-04-28 02:36:02.221062,0.2353596,-10.6304086,-1.96133
2022-04-28 02:36:02.221062,0.2745862,-10.6304086,-1.96133
2022-04-28 02:36:02.221062,0.2353596,-10.6304086,-1.96133
2022-04-28 02:36:02.221062,0.196133,-10.591182,-1.96133
2022-04-28 02:36:02.221062,0.2353596,-10.6304086,-2.0005566
2022-04-28 02:36:02.221062,0.2353596,-10.591182,-2.0005566
2022-04-28 02:36:02.221062,0.2745862,-10.6304086,-2.0005566
2022-04-28 02:36:02.221062,0.2745862,-10.591182,-1.96133
2022-04-28 02:36:02.221062,0.2745862,-10.591182,-2.0397832
2022-04-28 02:36:02.221062,0.2745862,-10.6304086,-1.96133
2022-04-28 02:36:02.221062,0.2353596,-10.591182,-1.96133
2022-04-28 02:36:02.221062,0.2353596,-10.591182,-1.96133
2022-04-28 02:36:02.221062,0.2353596,-10.6304086,-2.0005566
2022-04-28 02:36:02.221062,0.2353596,-10.591182,-2.0005566
2022-04-28 02:36:02.221062,0.2745862,-10.6304086,-2.0005566
2022-04-28 02:36:02.221062,0.2745862,-10.6304086,-2.0397832
2022-04-28 02:36:02.221062,0.2353596,-10.591182,-1.96133
2022-04-28 02:36:02.221062,0.2745862,-10.591182,-2.0005566
2022-04-28 02:36:02.221062,0.2745862,-10.6304086,-2.0397832
2022-04-28 02:36:02.221062,0.2745862,-10.6304086,-1.9221034
2022-04-28 02:36:02.221062,0.3138128,-10.6304086,-1.8828768
2022-04-28 02:36:02.221062,0.2745862,-10.6304086,-1.96133
2022-04-28 02:36:02.221062,0.2353596,-10.591182,-2.0005566
2022-04-28 02:36:02.221062,0.2745862,-10.6696352,-1.9221034
2022-04-28 02:36:02.221062,0.2353596,-10.591182,-1.96133
2022-04-28 02:36:02.221062,0.2745862,-10.6304086,-1.96133
2022-04-28 02:36:02.221062,0.3138128,-10.6696352,-2.0397832
2022-04-28 02:36:02.221062,0.2745862,-10.6304086,-2.0005566
2022-04-28 02:36:02.221062,0.2353596,-10.6304086,-1.96133
2022-04-28 02:36:02.221062,0.2745862,-10.591182,-1.96133
2022-04-28 02:36:02.221062,0.2353596,-10.6304086,-1.9221034
2022-04-28 02:36:02.221062,0.2745862,-10.591182,-1.96133
2022-04-28 02:36:02.221062,0.2745862,-10.6304086,-2.0005566
2022-04-28 02:36:02.221062,0.2745862,-10.6304086,-1.96133
2022-04-28 02:36:02.221062,0.2745862,-10.591182,-2.0005566
2022-04-28 02:36:02.221062,0.2745862,-10.6304086,-1.9221034
2022-04-28 02:36:02.221062,0.2353596,-10.591182,-1.96133
2022-04-28 02:36:02.221062,0.2745862,-10.591182,-1.96133
2022-04-28 02:36:02.221062,0.2745862,-10.6304086,-1.96133
2022-04-28 02:36:02.221062,0.2745862,-10.591182,-1.9221034
2022-04-28 02:36:02.221062,0.2353596,-10.591182,-2.0005566
2022-04-28 02:36:02.221062,0.2745862,-10.6304086,-1.96133
2022-04-28 02:36:02.221062,0.2745862,-10.6304086,-2.0397832
2022-04-28 02:36:02.221062,0.2745862,-10.591182,-2.0005566
2022-04-28 02:36:02.221062,0.196133,-10.6304086,-1.9221034
2022-04-28 02:36:02.221062,0.2745862,-10.591182,-1.8828768
2022-04-28 02:36:02.221062,0.2745862,-10.6304086,-1.9221034
2022-04-28 02:36:02.221062,0.3138128,-10.6696352,-2.0005566
2022-04-28 02:36:02.221062,0.2353596,-10.591182,-1.9221034
2022-04-28 02:36:02.221062,0.2745862,-10.6304086,-1.9221034
2022-04-28 02:36:02.221062,0.2745862,-10.591182,-2.0005566
2022-04-28 02:36:02.221062,0.2353596,-10.591182,-1.96133
2022-04-28 02:36:02.221062,0.2745862,-10.591182,-2.0005566
2022-04-28 02:36:02.221062,0.2353596,-10.6304086,-2.0005566
2022-04-28 02:36:02.221062,0.2745862,-10.6304086,-2.0005566
2022-04-28 02:36:02.221062,0.2745862,-10.591182,-1.96133
2022-04-28 02:36:02.221062,0.2745862,-10.6304086,-1.96133
2022-04-28 02:36:02.221062,0.2353596,-10.6304086,-2.0005566
2022-04-28 02:36:02.221062,0.2745862,-10.591182,-2.0005566
2022-04-28 02:36:02.221062,0.2353596,-10.6304086,-1.9221034
2022-04-28 02:36:02.221062,0.2745862,-10.591182,-2.0790097999999997
2022-04-28 02:36:02.221062,0.2353596,-10.591182,-2.0397832
2022-04-28 02:36:02.221062,0.2353596,-10.5519554,-1.96133
2022-04-28 02:36:02.221062,0.2745862,-10.6304086,-1.96133
2022-04-28 02:36:02.221062,0.3138128,-10.6696352,-1.96133
2022-04-28 02:36:02.221062,0.2353596,-10.591182,-1.96133
2022-04-28 02:36:02.221062,0.2353596,-10.591182,-2.0005566
2022-04-28 02:36:02.221062,0.2353596,-10.6304086,-1.9221034
2022-04-28 02:36:02.221062,0.2745862,-10.6304086,-2.0005566
2022-04-28 02:36:02.221062,0.2353596,-10.6304086,-1.96133
2022-04-28 02:36:02.221062,0.2745862,-10.6304086,-2.0397832
2022-04-28 02:36:02.221062,0.2353596,-10.6304086,-1.96133
2022-04-28 02:36:02.221062,0.2745862,-10.6696352,-2.0005566
2022-04-28 02:36:02.221062,0.2745862,-10.6304086,-1.96133
2022-04-28 02:36:02.221062,0.2353596,-10.591182,-1.96133
2022-04-28 02:36:02.221062,0.2745862,-10.6304086,-1.8828768
2022-04-28 02:36:02.221062,0.2745862,-10.6304086,-2.0005566
2022-04-28 02:36:02.221062,0.2353596,-10.591182,-2.0005566
2022-04-28 02:36:02.221062,0.2745862,-10.6304086,-1.96133
2022-04-28 02:36:02.221062,0.2353596,-10.5519554,-1.96133
2022-04-28 02:36:02.221062,0.2353596,-10.6304086,-1.96133
2022-04-28 02:36:02.221062,0.2353596,-10.6304086,-1.96133
2022-04-28 02:36:02.221062,0.2745862,-10.6304086,-2.0397832
2022-04-28 02:36:02.221062,0.3138128,-10.6304086,-1.9221034
2022-04-28 02:36:02.221062,0.3138128,-10.6696352,-2.0397832
2022-04-28 02:36:02.221062,0.2353596,-10.591182,-2.0005566
2022-04-28 02:36:02.221062,0.2745862,-10.591182,-1.9221034
2022-04-28 02:36:02.221062,0.2353596,-10.591182,-1.96133
2022-04-28 02:36:02.221062,0.2745862,-10.6304086,-1.9221034
2022-04-28 02:36:02.221062,0.2353596,-10.6304086,-1.9221034
2022-04-28 02:36:02.221062,0.2745862,-10.6304086,-1.96133
2022-04-28 02:36:02.221062,0.2353596,-10.591182,-1.96133
2022-04-28 02:36:02.221062,0.2745862,-10.6304086,-1.96133
2022-04-28 02:36:02.221062,0.2353596,-10.591182,-1.9221034
2022-04-28 02:36:02.221062,0.2353596,-10.591182,-1.96133
2022-04-28 02:36:02.221062,0.2353596,-10.591182,-2.0005566
2022-04-28 02:36:02.221062,0.2353596,-10.591182,-2.0005566
2022-04-28 02:36:02.221062,0.2745862,-10.6304086,-2.0005566
2022-04-28 02:36:02.221062,0.3138128,-10.6304086,-1.96133
2022-04-28 02:36:02.221062,0.2745862,-10.591182,-1.96133
2022-04-28 02:36:02.221062,0.2353596,-10.6304086,-2.0005566
2022-04-28 02:36:02.221062,0.3138128,-10.6304086,-1.96133
2022-04-28 02:36:02.221062,0.2745862,-10.591182,-2.0005566
2022-04-28 02:36:02.221062,0.2353596,-10.6696352,-2.0005566
2022-04-28 02:36:02.221062,0.2745862,-10.6304086,-2.0005566
2022-04-28 02:36:02.221062,0.2353596,-10.591182,-1.96133
2022-04-28 02:36:02.221062,0.2745862,-10.6304086,-1.9221034
2022-04-28 02:36:02.221062,0.2353596,-10.6304086,-2.0005566
2022-04-28 02:36:02.221062,0.3138128,-10.6304086,-1.9221034
2022-04-28 02:36:02.221062,0.2745862,-10.6304086,-1.9221034
2022-04-28 02:36:02.221062,0.2353596,-10.591182,-2.0005566
2022-04-28 02:36:02.221062,0.3138128,-10.591182,-1.96133
2022-04-28 02:36:02.221062,0.2353596,-10.6304086,-1.9221034
2022-04-28 02:36:02.221062,0.2745862,-10.6304086,-1.96133
2022-04-28 02:36:02.221062,0.2353596,-10.6304086,-2.0005566
2022-04-28 02:36:02.221062,0.2353596,-10.6304086,-1.96133
2022-04-28 02:36:02.221062,0.2353596,-10.6696352,-1.96133
2022-04-28 02:36:02.221062,0.2353596,-10.591182,-1.9221034
2022-04-28 02:36:02.221062,0.2745862,-10.591182,-1.96133
2022-04-28 02:36:02.221062,0.2353596,-10.6304086,-1.96133
2022-04-28 02:36:02.221062,0.2745862,-10.6304086,-1.96133
2022-04-28 02:36:02.221062,0.2745862,-10.591182,-1.96133
2022-04-28 02:36:02.221062,0.2745862,-10.6304086,-1.96133
2022-04-28 02:36:02.221062,0.2353596,-10.6304086,-1.96133
2022-04-28 02:36:02.221062,0.2745862,-10.6304086,-1.96133
2022-04-28 02:36:02.221062,0.2745862,-10.591182,-1.9221034
2022-04-28 02:36:02.221062,0.2353596,-10.6304086,-1.96133
2022-04-28 02:36:02.221062,0.2353596,-10.591182,-1.96133
2022-04-28 02:36:02.221062,0.2745862,-10.591182,-2.0005566
2022-04-28 02:36:02.221062,0.2745862,-10.6304086,-2.0005566
2022-04-28 02:36:02.221062,0.2353596,-10.6304086,-1.9221034
2022-04-28 02:36:02.221062,0.2745862,-10.591182,-1.9221034
2022-04-28 02:36:02.221062,0.2745862,-10.6304086,-2.0005566
2022-04-28 02:36:02.221062,0.2745862,-10.6304086,-1.96133
2022-04-28 02:36:02.221062,0.2745862,-10.6304086,-1.96133
2022-04-28 02:36:02.221062,0.3138128,-10.6304086,-1.9221034
2022-04-28 02:36:02.221062,0.2353596,-10.6304086,-1.8828768
2022-04-28 02:36:02.221062,0.2353596,-10.591182,-1.96133
2022-04-28 02:36:02.221062,0.2745862,-10.6304086,-2.0005566
2022-04-28 02:36:02.221062,0.2353596,-10.591182,-1.8828768
2022-04-28 02:36:02.221062,0.2353596,-10.6304086,-1.9221034
2022-04-28 02:36:02.221062,0.2745862,-10.6304086,-2.0005566
2022-04-28 02:36:02.221062,0.2745862,-10.6304086,-1.9221034
2022-04-28 02:36:02.221062,0.2745862,-10.591182,-1.96133
2022-04-28 02:36:02.221062,0.2745862,-10.6304086,-1.96133
2022-04-28 02:36:02.221062,0.2745862,-10.6304086,-1.96133
2022-04-28 02:36:02.221062,0.2353596,-10.591182,-1.96133
2022-04-28 02:36:02.221062,0.2745862,-10.6304086,-1.96133
2022-04-28 02:36:02.221062,0.2353596,-10.6304086,-1.96133
2022-04-28 02:36:02.221062,0.2353596,-10.591182,-1.96133
2022-04-28 02:36:02.221062,0.2745862,-10.6304086,-1.9221034
2022-04-28 02:36:02.221062,0.2745862,-10.6304086,-2.0397832
2022-04-28 02:36:02.221062,0.2745862,-10.591182,-1.9221034
2022-04-28 02:36:02.221062,0.2745862,-10.6304086,-1.96133
2022-04-28 02:36:02.221062,0.2353596,-10.6304086,-1.96133
2022-04-28 02:36:02.221062,0.2745862,-10.591182,-2.0397832
2022-04-28 02:36:02.221062,0.2745862,-10.591182,-1.96133
2022-04-28 02:36:02.221062,0.3138128,-10.6304086,-1.96133
2022-04-28 02:36:02.221062,0.2745862,-10.6304086,-1.96133
2022-04-28 02:36:02.221062,0.2353596,-10.591182,-1.9221034
2022-04-28 02:36:02.221062,0.2353596,-10.6304086,-1.96133
2022-04-28 02:36:02.221062,0.2745862,-10.6696352,-1.96133
2022-04-28 02:36:02.221062,0.2353596,-10.591182,-2.0005566
2022-04-28 02:36:02.221062,0.2353596,-10.6304086,-2.0005566
2022-04-28 02:36:02.221062,0.2353596,-10.591182,-2.0005566
2022-04-28 02:36:02.221062,0.2745862,-10.6304086,-1.9221034
2022-04-28 02:36:02.221062,0.2353596,-10.6304086,-2.0005566
2022-04-28 02:36:02.221062,0.2353596,-10.6304086,-2.0397832
2022-04-28 02:36:02.221062,0.2353596,-10.6304086,-1.96133
2022-04-28 02:36:02.221062,0.2353596,-10.6304086,-1.9221034
2022-04-28 02:36:02.221062,0.2745862,-10.591182,-2.0005566
2022-04-28 02:36:02.221062,0.2353596,-10.6304086,-1.9221034
2022-04-28 02:36:02.221062,0.2745862,-10.591182,-1.96133
2022-04-28 02:36:02.221062,0.2353596,-10.591182,-1.96133
2022-04-28 02:36:02.221062,0.2353596,-10.591182,-1.9221034
2022-04-28 02:36:02.221062,0.2745862,-10.591182,-1.96133
2022-04-28 02:36:02.221062,0.2353596,-10.591182,-1.96133
2022-04-28 02:36:02.221062,0.2745862,-10.591182,-1.9221034
2022-04-28 02:36:02.221062,0.2353596,-10.6304086,-2.0005566
2022-04-28 02:36:02.221062,0.2745862,-10.6304086,-1.96133
2022-04-28 02:36:02.221062,0.2745862,-10.5519554,-1.96133
2022-04-28 02:36:02.221062,0.2353596,-10.591182,-2.0005566
2022-04-28 02:36:02.221062,0.2745862,-10.591182,-1.96133
2022-04-28 02:36:02.221062,0.2745862,-10.6304086,-1.9221034
2022-04-28 02:36:02.221062,0.2745862,-10.6304086,-1.96133
2022-04-28 02:36:02.221062,0.2745862,-10.6304086,-1.96133
2022-04-28 02:36:02.221062,0.2353596,-10.6304086,-2.0005566
2022-04-28 02:36:02.221062,0.2353596,-10.6304086,-1.9221034
2022-04-28 02:36:02.221062,0.2745862,-10.591182,-2.0005566
2022-04-28 02:36:02.221062,0.2745862,-10.591182,-1.96133
2022-04-28 02:36:02.221062,0.2745862,-10.591182,-1.9221034
2022-04-28 02:36:02.221062,0.2745862,-10.6304086,-1.9221034
2022-04-28 02:36:02.221062,0.2353596,-10.591182,-1.9221034
2022-04-28 02:36:02.221062,0.2353596,-10.591182,-2.0005566
2022-04-28 02:36:02.221062,0.2745862,-10.6304086,-1.96133
2022-04-28 02:36:02.221062,0.2745862,-10.591182,-2.0005566
2022-04-28 02:36:02.221062,0.2745862,-10.6304086,-2.0397832
2022-04-28 02:36:02.221062,0.2353596,-10.6304086,-2.0005566
2022-04-28 02:36:02.221062,0.2745862,-10.6304086,-1.96133
2022-04-28 02:36:02.221062,0.2353596,-10.591182,-2.0005566
2022-04-28 02:36:02.221062,0.2745862,-10.591182,-2.0005566
2022-04-28 02:36:02.221062,0.2745862,-10.6304086,-1.9221034
2022-04-28 02:36:02.221062,0.2745862,-10.591182,-1.9221034
2022-04-28 02:36:02.221062,0.2745862,-10.6304086,-1.9221034
2022-04-28 02:36:02.221062,0.3138128,-10.6304086,-1.9221034
2022-04-28 02:36:02.221062,0.2745862,-10.591182,-1.96133
2022-04-28 02:36:02.221062,0.2353596,-10.591182,-2.0005566
2022-04-28 02:36:02.221062,0.2745862,-10.591182,-1.96133
2022-04-28 02:36:02.221062,0.2745862,-10.6304086,-1.96133
2022-04-28 02:36:02.221062,0.2745862,-10.5519554,-1.96133
2022-04-28 02:36:02.221062,0.2745862,-10.6304086,-1.9221034
2022-04-28 02:36:02.221062,0.3138128,-10.6304086,-1.9221034
2022-04-28 02:36:02.221062,0.2353596,-10.6304086,-2.0005566
2022-04-28 02:36:02.221062,0.2745862,-10.591182,-1.9221034
2022-04-28 02:36:02.221062,0.2745862,-10.6304086,-1.9221034
2022-04-28 02:36:02.221062,0.2745862,-10.6304086,-2.0005566
2022-04-28 02:36:02.221062,0.2353596,-10.591182,-1.96133
2022-04-28 02:36:02.221062,0.2353596,-10.591182,-1.96133
2022-04-28 02:36:02.221062,0.2745862,-10.6304086,-2.0005566
2022-04-28 02:36:02.221062,0.2745862,-10.591182,-1.8828768
2022-04-28 02:36:02.221062,0.2745862,-10.591182,-1.96133
2022-04-28 02:36:02.221062,0.2353596,-10.591182,-1.9221034
2022-04-28 02:36:02.221062,0.2745862,-10.591182,-1.96133
2022-04-28 02:36:02.221062,0.2353596,-10.5519554,-1.96133
2022-04-28 02:36:02.221062,0.2745862,-10.6304086,-1.96133
2022-04-28 02:36:02.221062,0.2353596,-10.6304086,-1.96133
2022-04-28 02:36:02.221062,0.2745862,-10.591182,-1.96133
2022-04-28 02:36:02.221062,0.3138128,-10.6304086,-1.9221034
2022-04-28 02:36:02.221062,0.2353596,-10.591182,-1.96133
2022-04-28 02:36:02.221062,0.2353596,-10.6304086,-2.0397832
2022-04-28 02:36:02.221062,0.2745862,-10.591182,-2.0005566
2022-04-28 02:36:02.221062,0.2353596,-10.591182,-2.0005566
2022-04-28 02:36:02.221062,0.2745862,-10.6696352,-1.9221034
2022-04-28 02:36:02.221062,0.2745862,-10.6696352,-2.0005566
2022-04-28 02:36:02.221062,0.2745862,-10.6304086,-2.0005566
2022-04-28 02:36:02.221062,0.2353596,-10.6304086,-1.96133
2022-04-28 02:36:02.221062,0.2745862,-10.6304086,-1.9221034
2022-04-28 02:36:02.221062,0.2745862,-10.6304086,-2.0397832
2022-04-28 02:36:02.221062,0.2353596,-10.6304086,-1.96133
2022-04-28 02:36:02.221062,0.2353596,-10.6304086,-1.9221034
2022-04-28 02:36:02.221062,0.2353596,-10.6304086,-1.9221034
2022-04-28 02:36:02.221062,0.2353596,-10.6304086,-1.96133
2022-04-28 02:36:02.221062,0.2745862,-10.6304086,-1.9221034
2022-04-28 02:36:02.221062,0.2745862,-10.6304086,-1.96133
2022-04-28 02:36:02.221062,0.2745862,-10.6304086,-1.9221034
2022-04-28 02:36:02.221062,0.2745862,-10.6304086,-2.0005566
2022-04-28 02:36:02.221062,0.3138128,-10.6304086,-2.0005566
2022-04-28 02:36:02.221062,0.2745862,-10.6304086,-1.96133
2022-04-28 02:36:02.221062,0.2353596,-10.591182,-2.0005566
2022-04-28 02:36:02.221062,0.3138128,-10.6304086,-1.96133
2022-04-28 02:36:02.221062,0.2745862,-10.6304086,-1.96133
2022-04-28 02:36:02.221062,0.2745862,-10.6304086,-1.9221034
2022-04-28 02:36:02.221062,0.2745862,-10.591182,-1.9221034
2022-04-28 02:36:02.221062,0.2745862,-10.591182,-1.96133
2022-04-28 02:36:02.221062,0.2745862,-10.6304086,-1.96133
2022-04-28 02:36:02.221062,0.2745862,-10.6304086,-1.9221034
2022-04-28 02:36:02.221062,0.2745862,-10.6304086,-1.96133
2022-04-28 02:36:02.221062,0.2745862,-10.591182,-2.0005566
2022-04-28 02:36:02.221062,0.2745862,-10.6304086,-2.0005566
2022-04-28 02:36:02.221062,0.2745862,-10.6696352,-1.96133
2022-04-28 02:36:02.221062,0.2353596,-10.591182,-1.96133
2022-04-28 02:36:02.221062,0.2353596,-10.6304086,-1.8828768
2022-04-28 02:36:02.221062,0.2745862,-10.591182,-2.0005566
2022-04-28 02:36:02.221062,0.2745862,-10.6696352,-1.9221034
2022-04-28 02:36:02.221062,0.196133,-10.591182,-1.9221034
2022-04-28 02:36:02.221062,0.2353596,-10.591182,-1.9221034
2022-04-28 02:36:02.221062,0.2745862,-10.6304086,-1.9221034
2022-04-28 02:36:02.221062,0.2353596,-10.6304086,-2.0397832
2022-04-28 02:36:02.221062,0.2353596,-10.6304086,-1.96133
2022-04-28 02:36:02.221062,0.2353596,-10.591182,-1.96133
2022-04-28 02:36:02.221062,0.2745862,-10.6304086,-1.96133
2022-04-28 02:36:02.221062,0.2353596,-10.591182,-1.96133
2022-04-28 02:36:02.221062,0.2745862,-10.591182,-1.96133
2022-04-28 02:36:02.221062,0.2745862,-10.6304086,-1.96133
2022-04-28 02:36:02.221062,0.2745862,-10.591182,-1.96133
2022-04-28 02:36:02.221062,0.2745862,-10.6304086,-2.0005566
2022-04-28 02:36:02.221062,0.2745862,-10.6696352,-2.0005566
2022-04-28 02:36:02.221062,0.2353596,-10.591182,-2.0397832
2022-04-28 02:36:02.221062,0.2353596,-10.6304086,-1.9221034
2022-04-28 02:36:02.221062,0.2353596,-10.6304086,-2.0005566
2022-04-28 02:36:02.221062,0.2745862,-10.6304086,-1.96133
2022-04-28 02:36:02.221062,0.2745862,-10.6696352,-1.8828768
2022-04-28 02:36:02.221062,0.2353596,-10.6304086,-1.96133
2022-04-28 02:36:02.221062,0.2745862,-10.591182,-2.0005566
2022-04-28 02:36:02.221062,0.2745862,-10.591182,-1.96133
2022-04-28 02:36:02.221062,0.2745862,-10.6304086,-1.96133
2022-04-28 02:36:02.221062,0.2353596,-10.6696352,-1.96133
2022-04-28 02:36:02.221062,0.2745862,-10.591182,-2.0005566
2022-04-28 02:36:02.221062,0.2745862,-10.6304086,-1.96133
2022-04-28 02:36:02.221062,0.3138128,-10.591182,-1.96133
2022-04-28 02:36:02.221062,0.2745862,-10.6696352,-1.9221034
2022-04-28 02:36:02.221062,0.2353596,-10.591182,-1.96133
2022-04-28 02:36:02.221062,0.2353596,-10.6304086,-2.0005566
2022-04-28 02:36:02.221062,0.2745862,-10.6304086,-2.0005566
2022-04-28 02:36:02.221062,0.2745862,-10.591182,-1.96133
2022-04-28 02:36:02.221062,0.2353596,-10.591182,-1.8828768
2022-04-28 02:36:02.221062,0.196133,-10.6304086,-2.0005566
2022-04-28 02:36:02.221062,0.2353596,-10.6304086,-2.0005566
2022-04-28 02:36:02.221062,0.2745862,-10.6696352,-1.96133
2022-04-28 02:36:02.221062,0.2745862,-10.591182,-1.96133
2022-04-28 02:36:02.221062,0.3138128,-10.591182,-1.96133
2022-04-28 02:36:02.221062,0.2745862,-10.6304086,-1.96133
2022-04-28 02:36:02.221062,0.2353596,-10.6304086,-1.96133
2022-04-28 02:36:02.221062,0.2745862,-10.6304086,-1.96133
2022-04-28 02:36:02.221062,0.2745862,-10.6304086,-1.96133
2022-04-28 02:36:02.221062,0.2353596,-10.6304086,-2.0005566
2022-04-28 02:36:02.221062,0.2745862,-10.591182,-1.9221034
2022-04-28 02:36:02.221062,0.2353596,-10.591182,-1.96133
2022-04-28 02:36:02.221062,0.2353596,-10.591182,-2.0005566
2022-04-28 02:36:02.221062,0.2745862,-10.591182,-1.96133
2022-04-28 02:36:02.221062,0.2353596,-10.591182,-2.0005566
2022-04-28 02:36:02.221062,0.2745862,-10.591182,-1.9221034
2022-04-28 02:36:02.221062,0.2745862,-10.591182,-1.9221034
2022-04-28 02:36:02.221062,0.2745862,-10.6696352,-1.9221034
2022-04-28 02:36:02.221062,0.2353596,-10.6304086,-1.96133
2022-04-28 02:36:02.221062,0.2745862,-10.6304086,-1.9221034
2022-04-28 02:36:02.221062,0.2353596,-10.591182,-1.8828768
2022-04-28 02:36:02.221062,0.2353596,-10.591182,-1.96133
2022-04-28 02:36:02.221062,0.2353596,-10.6304086,-1.96133
2022-04-28 02:36:02.221062,0.2353596,-10.591182,-1.9221034
2022-04-28 02:36:02.221062,0.2745862,-10.591182,-1.96133
2022-04-28 02:36:02.221062,0.2745862,-10.6304086,-1.96133
2022-04-28 02:36:02.221062,0.2745862,-10.591182,-1.9221034
2022-04-28 02:36:02.221062,0.2745862,-10.6304086,-1.96133
2022-04-28 02:36:02.221062,0.2353596,-10.6304086,-1.96133
2022-04-28 02:36:02.221062,0.2745862,-10.6304086,-1.96133
2022-04-28 02:36:02.221062,0.2745862,-10.6304086,-2.0005566
2022-04-28 02:36:02.221062,0.2353596,-10.6304086,-2.0005566
2022-04-28 02:36:02.221062,0.2745862,-10.591182,-2.0005566
2022-04-28 02:36:02.221062,0.2353596,-10.591182,-1.96133
2022-04-28 02:36:02.221062,0.2353596,-10.591182,-1.96133
2022-04-28 02:36:02.221062,0.2745862,-10.6304086,-1.9221034
2022-04-28 02:36:02.221062,0.2745862,-10.591182,-1.96133
2022-04-28 02:36:02.221062,0.196133,-10.591182,-1.9221034
2022-04-28 02:36:02.221062,0.2745862,-10.6304086,-2.0005566
2022-04-28 02:36:02.221062,0.2745862,-10.591182,-1.9221034
2022-04-28 02:36:02.221062,0.2745862,-10.6304086,-1.96133
2022-04-28 02:36:02.221062,0.2745862,-10.6304086,-2.0397832
2022-04-28 02:36:02.221062,0.2745862,-10.6304086,-2.0005566
2022-04-28 02:36:02.221062,0.2745862,-10.6304086,-1.9221034
2022-04-28 02:36:02.221062,0.196133,-10.5519554,-1.96133
2022-04-28 02:36:02.221062,0.2353596,-10.591182,-1.96133
2022-04-28 02:36:02.221062,0.2353596,-10.6304086,-1.9221034
2022-04-28 02:36:02.221062,0.2745862,-10.6696352,-2.0005566
2022-04-28 02:36:02.221062,0.2353596,-10.6304086,-1.96133
2022-04-28 02:36:02.221062,0.2745862,-10.6304086,-2.0005566
2022-04-28 02:36:02.221062,0.2745862,-10.6304086,-2.0005566
2022-04-28 02:36:02.221062,0.2745862,-10.6304086,-1.96133
2022-04-28 02:36:02.221062,0.2745862,-10.6304086,-1.96133
2022-04-28 02:36:02.221062,0.2745862,-10.6304086,-1.96133
2022-04-28 02:36:02.221062,0.2745862,-10.6304086,-1.8828768
2022-04-28 02:36:02.221062,0.2745862,-10.591182,-1.96133
2022-04-28 02:36:02.221062,0.2353596,-10.6304086,-1.8828768
2022-04-28 02:36:02.221062,0.2745862,-10.6304086,-1.96133
2022-04-28 02:36:02.221062,0.2353596,-10.591182,-1.9221034
2022-04-28 02:36:02.221062,0.2353596,-10.591182,-2.0005566
2022-04-28 02:36:02.221062,0.2745862,-10.6304086,-2.0005566
2022-04-28 02:36:02.221062,0.2745862,-10.591182,-1.96133
2022-04-28 02:36:02.221062,0.2353596,-10.591182,-1.96133
2022-04-28 02:36:02.221062,0.3138128,-10.6304086,-1.96133
2022-04-28 02:36:02.221062,0.2745862,-10.6304086,-2.0005566
2022-04-28 02:36:02.221062,0.2353596,-10.591182,-2.0005566
2022-04-28 02:36:02.221062,0.2745862,-10.6304086,-1.96133
2022-04-28 02:36:02.221062,0.2353596,-10.6304086,-1.8828768
2022-04-28 02:36:02.221062,0.2745862,-10.6304086,-2.0005566
2022-04-28 02:36:02.221062,0.2353596,-10.591182,-1.96133
2022-04-28 02:36:02.221062,0.2353596,-10.6304086,-1.96133
2022-04-28 02:36:02.221062,0.2353596,-10.6304086,-1.9221034
2022-04-28 02:36:02.221062,0.2353596,-10.6696352,-1.9221034
2022-04-28 02:36:02.221062,0.2353596,-10.591182,-1.96133
2022-04-28 02:36:02.221062,0.2353596,-10.6304086,-1.9221034
2022-04-28 02:36:02.221062,0.2353596,-10.591182,-1.96133
2022-04-28 02:36:02.221062,0.2745862,-10.6304086,-1.96133
2022-04-28 02:36:02.221062,0.2745862,-10.6304086,-1.9221034
2022-04-28 02:36:02.221062,0.2353596,-10.591182,-1.9221034
2022-04-28 02:36:02.221062,0.2353596,-10.6696352,-1.9221034
2022-04-28 02:36:02.221062,0.2745862,-10.6304086,-2.0397832
2022-04-28 02:36:02.221062,0.2745862,-10.591182,-1.96133
2022-04-28 02:36:02.221062,0.2745862,-10.6304086,-2.0397832
2022-04-28 02:36:02.221062,0.2745862,-10.591182,-2.0397832
2022-04-28 02:36:02.221062,0.2353596,-10.591182,-2.0005566
2022-04-28 02:36:02.221062,0.2745862,-10.591182,-2.0005566
2022-04-28 02:36:02.221062,0.2745862,-10.6304086,-1.96133
2022-04-28 02:36:02.221062,0.2353596,-10.591182,-2.0005566
2022-04-28 02:36:02.221062,0.2353596,-10.6304086,-2.0005566
2022-04-28 02:36:02.221062,0.2745862,-10.591182,-1.9221034
2022-04-28 02:36:02.221062,0.2353596,-10.6304086,-1.9221034
2022-04-28 02:36:02.221062,0.2353596,-10.6304086,-1.9221034
2022-04-28 02:36:02.221062,0.2745862,-10.591182,-1.9221034
2022-04-28 02:36:02.221062,0.2353596,-10.591182,-1.96133
2022-04-28 02:36:02.221062,0.2353596,-10.6304086,-1.96133
2022-04-28 02:36:02.221062,0.2745862,-10.591182,-1.96133
2022-04-28 02:36:02.221062,0.2353596,-10.6304086,-1.96133
2022-04-28 02:36:02.221062,0.2745862,-10.6304086,-1.96133
2022-04-28 02:36:02.221062,0.2745862,-10.591182,-1.96133
2022-04-28 02:36:02.221062,0.2745862,-10.6304086,-1.96133
2022-04-28 02:36:02.221062,0.2353596,-10.591182,-1.96133
2022-04-28 02:36:02.221062,0.2745862,-10.591182,-2.0397832
2022-04-28 02:36:02.221062,0.2353596,-10.6304086,-2.0397832
2022-04-28 02:36:02.221062,0.2745862,-10.6304086,-1.96133
2022-04-28 02:36:02.221062,0.2745862,-10.6696352,-2.0005566
2022-04-28 02:36:02.221062,0.2353596,-10.6304086,-2.0005566
2022-04-28 02:36:02.221062,0.2353596,-10.6304086,-2.0005566
2022-04-28 02:36:02.221062,0.2745862,-10.6304086,-1.96133
2022-04-28 02:36:02.221062,0.2745862,-10.6304086,-2.0397832
2022-04-28 02:36:02.221062,0.2745862,-10.6304086,-2.0005566
2022-04-28 02:36:02.221062,0.2353596,-10.591182,-2.0005566
2022-04-28 02:36:02.221062,0.2353596,-10.6304086,-1.9221034
2022-04-28 02:36:02.221062,0.196133,-10.6696352,-1.96133
2022-04-28 02:36:02.221062,0.2353596,-10.6304086,-1.96133
2022-04-28 02:36:02.221062,0.2745862,-10.6304086,-1.8828768
2022-04-28 02:36:02.221062,0.2745862,-10.6304086,-1.96133
2022-04-28 02:36:02.221062,0.2353596,-10.591182,-1.96133
2022-04-28 02:36:02.221062,0.2353596,-10.591182,-1.9221034
2022-04-28 02:36:02.221062,0.3530394,-10.6696352,-1.9221034
2022-04-28 02:36:02.221062,0.2353596,-10.6696352,-1.96133
2022-04-28 02:36:02.221062,0.3138128,-10.6304086,-1.96133
2022-04-28 02:36:02.221062,0.2353596,-10.6304086,-1.9221034
2022-04-28 02:36:02.221062,0.2745862,-10.6696352,-2.0005566
2022-04-28 02:36:02.221062,0.2353596,-10.6304086,-1.96133
2022-04-28 02:36:02.221062,0.2745862,-10.591182,-1.96133
2022-04-28 02:36:02.221062,0.2745862,-10.6304086,-1.96133
2022-04-28 02:36:02.221062,0.2353596,-10.591182,-1.96133
2022-04-28 02:36:02.221062,0.2353596,-10.6304086,-1.96133
2022-04-28 02:36:02.221062,0.2745862,-10.591182,-1.8828768
2022-04-28 02:36:02.221062,0.2353596,-10.6304086,-1.96133
2022-04-28 02:36:02.221062,0.2745862,-10.6304086,-2.0005566
2022-04-28 02:36:02.221062,0.2353596,-10.5519554,-1.96133
2022-04-28 02:36:02.221062,0.2353596,-10.6304086,-2.0005566
2022-04-28 02:36:02.221062,0.2353596,-10.591182,-1.96133
2022-04-28 02:36:02.221062,0.2353596,-10.591182,-1.9221034
2022-04-28 02:36:02.221062,0.3138128,-10.6304086,-2.0005566
2022-04-28 02:36:02.221062,0.2353596,-10.591182,-1.9221034
2022-04-28 02:36:02.221062,0.2353596,-10.6304086,-1.9221034
2022-04-28 02:36:02.221062,0.2353596,-10.591182,-2.0005566
2022-04-28 02:36:02.221062,0.2353596,-10.6304086,-1.96133
2022-04-28 02:36:02.221062,0.2353596,-10.591182,-1.96133
2022-04-28 02:36:02.221062,0.2745862,-10.6304086,-1.96133
2022-04-28 02:36:02.221062,0.3138128,-10.591182,-1.96133
2022-04-28 02:36:02.221062,0.2353596,-10.591182,-1.9221034
2022-04-28 02:36:02.221062,0.196133,-10.591182,-2.0005566
2022-04-28 02:36:02.221062,0.2353596,-10.6696352,-1.96133
2022-04-28 02:36:02.221062,0.2745862,-10.6304086,-1.8828768
2022-04-28 02:36:02.221062,0.2353596,-10.5519554,-1.9221034
2022-04-28 02:36:02.221062,0.2353596,-10.591182,-2.0005566
2022-04-28 02:36:02.221062,0.2745862,-10.6304086,-2.0005566
2022-04-28 02:36:02.221062,0.2353596,-10.6304086,-2.0005566
2022-04-28 02:36:02.221062,0.3138128,-10.6696352,-1.96133
2022-04-28 02:36:02.221062,0.2353596,-10.6304086,-1.96133
2022-04-28 02:36:02.221062,0.2745862,-10.6304086,-1.96133
2022-04-28 02:36:02.221062,0.2745862,-10.6304086,-1.9221034
2022-04-28 02:36:02.221062,0.2353596,-10.6304086,-1.9221034
2022-04-28 02:36:02.221062,0.3138128,-10.6696352,-1.96133
2022-04-28 02:36:02.221062,0.2745862,-10.6696352,-1.9221034
2022-04-28 02:36:02.221062,0.2745862,-10.6304086,-1.96133
2022-04-28 02:36:02.221062,0.2745862,-10.6304086,-1.96133
2022-04-28 02:36:02.221062,0.2745862,-10.591182,-2.0005566
2022-04-28 02:36:02.221062,0.2353596,-10.591182,-1.96133
2022-04-28 02:36:02.221062,0.2745862,-10.6696352,-1.96133
2022-04-28 02:36:02.221062,0.2353596,-10.591182,-2.0005566
2022-04-28 02:36:02.221062,0.2745862,-10.6304086,-1.96133
2022-04-28 02:36:02.221062,0.2745862,-10.6304086,-1.8828768
2022-04-28 02:36:02.221062,0.2745862,-10.591182,-1.96133
2022-04-28 02:36:02.221062,0.2353596,-10.6304086,-1.9221034
2022-04-28 02:36:02.221062,0.196133,-10.6304086,-1.96133
2022-04-28 02:36:02.221062,0.2353596,-10.6304086,-1.9221034
2022-04-28 02:36:02.221062,0.196133,-10.591182,-2.0005566
2022-04-28 02:36:02.221062,0.2745862,-10.591182,-1.96133
2022-04-28 02:36:02.221062,0.2745862,-10.6304086,-1.96133
2022-04-28 02:36:02.221062,0.2353596,-10.6304086,-1.96133
2022-04-28 02:36:02.221062,0.2353596,-10.591182,-1.96133
2022-04-28 02:36:02.221062,0.2745862,-10.6304086,-1.9221034
2022-04-28 02:36:02.221062,0.2745862,-10.591182,-1.8828768
2022-04-28 02:36:02.221062,0.2745862,-10.6304086,-1.96133
2022-04-28 02:36:02.221062,0.2353596,-10.591182,-1.9221034
2022-04-28 02:36:02.221062,0.2745862,-10.591182,-1.96133
2022-04-28 02:36:02.221062,0.2745862,-10.6304086,-2.0005566
2022-04-28 02:36:02.221062,0.2353596,-10.6304086,-1.96133
2022-04-28 02:36:02.221062,0.2353596,-10.591182,-1.96133
2022-04-28 02:36:02.221062,0.2745862,-10.591182,-2.0005566
2022-04-28 02:36:02.221062,0.2745862,-10.6304086,-1.96133
2022-04-28 02:36:02.221062,0.2745862,-10.6696352,-2.0005566
2022-04-28 02:36:02.221062,0.2353596,-10.591182,-1.96133
2022-04-28 02:36:02.221062,0.2353596,-10.6304086,-1.9221034
2022-04-28 02:36:02.221062,0.2745862,-10.6304086,-1.96133
2022-04-28 02:36:02.221062,0.2745862,-10.6304086,-1.9221034
2022-04-28 02:36:02.221062,0.2745862,-10.6304086,-2.0005566
2022-04-28 02:36:02.221062,0.2353596,-10.591182,-1.9221034
2022-04-28 02:36:02.221062,0.2353596,-10.591182,-2.0005566
2022-04-28 02:36:02.221062,0.2745862,-10.6304086,-2.0005566
2022-04-28 02:36:02.221062,0.2745862,-10.6304086,-1.96133
2022-04-28 02:36:02.221062,0.2353596,-10.6304086,-1.96133
2022-04-28 02:36:02.221062,0.2353596,-10.591182,-1.9221034
2022-04-28 02:36:02.221062,0.2745862,-10.6304086,-1.96133
2022-04-28 02:36:02.221062,0.2745862,-10.6304086,-1.96133
2022-04-28 02:36:02.221062,0.2353596,-10.5519554,-1.9221034
2022-04-28 02:36:02.221062,0.196133,-10.591182,-1.9221034
2022-04-28 02:36:02.221062,0.2745862,-10.6304086,-2.0005566
2022-04-28 02:36:02.221062,0.2353596,-10.591182,-1.96133
2022-04-28 02:36:02.221062,0.2353596,-10.591182,-1.9221034
2022-04-28 02:36:02.221062,0.2745862,-10.6304086,-1.96133
2022-04-28 02:36:02.221062,0.2353596,-10.591182,-1.9221034
2022-04-28 02:36:02.221062,0.2745862,-10.6304086,-1.96133
2022-04-28 02:36:02.221062,0.2745862,-10.591182,-2.0005566
2022-04-28 02:36:02.221062,0.2353596,-10.591182,-2.0005566
2022-04-28 02:36:02.221062,0.2353596,-10.591182,-1.9221034
2022-04-28 02:36:02.221062,0.2353596,-10.5519554,-1.8828768
2022-04-28 02:36:02.221062,0.3138128,-10.6696352,-1.96133
2022-04-28 02:36:02.221062,0.2745862,-10.591182,-1.9221034
2022-04-28 02:36:02.221062,0.2353596,-10.591182,-1.96133
2022-04-28 02:36:02.221062,0.2745862,-10.591182,-2.0005566
2022-04-28 02:36:02.221062,0.2745862,-10.6304086,-1.8828768
2022-04-28 02:36:02.221062,0.2745862,-10.6304086,-1.96133
2022-04-28 02:36:02.221062,0.2745862,-10.6304086,-1.96133
2022-04-28 02:36:02.221062,0.2353596,-10.6304086,-1.96133
2022-04-28 02:36:02.221062,0.2745862,-10.591182,-1.9221034
2022-04-28 02:36:02.221062,0.2745862,-10.591182,-1.9221034
2022-04-28 02:36:02.221062,0.2353596,-10.6304086,-2.0005566
2022-04-28 02:36:02.221062,0.2353596,-10.6304086,-1.96133
2022-04-28 02:36:02.221062,0.2745862,-10.6696352,-1.96133
2022-04-28 02:36:02.221062,0.2353596,-10.591182,-1.9221034
2022-04-28 02:36:02.221062,0.2353596,-10.6304086,-2.0005566
2022-04-28 02:36:02.221062,0.196133,-10.5519554,-1.96133
2022-04-28 02:36:02.221062,0.3138128,-10.6696352,-2.0005566
2022-04-28 02:36:02.221062,0.2745862,-10.6304086,-2.0005566
2022-04-28 02:36:02.221062,0.2745862,-10.6304086,-1.96133
2022-04-28 02:36:02.221062,0.2353596,-10.591182,-1.9221034
2022-04-28 02:36:02.221062,0.2745862,-10.6304086,-1.96133
2022-04-28 02:36:02.221062,0.2353596,-10.591182,-2.0005566
2022-04-28 02:36:02.221062,0.2353596,-10.6304086,-1.96133
2022-04-28 02:36:02.221062,0.2745862,-10.5519554,-1.96133
2022-04-28 02:36:02.221062,0.2353596,-10.591182,-1.96133
2022-04-28 02:36:02.221062,0.2745862,-10.6304086,-1.96133
2022-04-28 02:36:02.221062,0.196133,-10.6304086,-1.96133
2022-04-28 02:36:02.221062,0.2745862,-10.6304086,-2.0005566
2022-04-28 02:36:02.221062,0.2353596,-10.591182,-1.96133
2022-04-28 02:36:02.221062,0.2745862,-10.6304086,-1.96133
2022-04-28 02:36:02.221062,0.3138128,-10.6304086,-1.9221034
2022-04-28 02:36:02.221062,0.2353596,-10.6304086,-1.96133
2022-04-28 02:36:02.221062,0.2745862,-10.591182,-1.96133
2022-04-28 02:36:02.221062,0.2353596,-10.591182,-1.96133
2022-04-28 02:36:02.221062,0.2353596,-10.6304086,-1.8828768
2022-04-28 02:36:02.221062,0.2353596,-10.5519554,-1.9221034
2022-04-28 02:36:02.221062,0.2745862,-10.591182,-1.96133
2022-04-28 02:36:02.221062,0.2353596,-10.591182,-1.9221034
2022-04-28 02:36:02.221062,0.3138128,-10.6304086,-1.96133
2022-04-28 02:36:02.221062,0.2745862,-10.6304086,-1.8828768
2022-04-28 02:36:02.221062,0.2353596,-10.591182,-1.96133
2022-04-28 02:36:02.221062,0.2745862,-10.6304086,-1.96133
2022-04-28 02:36:02.221062,0.2745862,-10.6304086,-2.0005566
2022-04-28 02:36:02.221062,0.2745862,-10.6696352,-1.96133
2022-04-28 02:36:02.221062,0.2353596,-10.591182,-1.96133
2022-04-28 02:36:02.221062,0.2353596,-10.591182,-1.8828768
2022-04-28 02:36:02.221062,0.2745862,-10.6304086,-2.0005566
2022-04-28 02:36:02.221062,0.2745862,-10.591182,-1.96133
2022-04-28 02:36:02.221062,0.3138128,-10.6696352,-1.96133
2022-04-28 02:36:02.221062,0.2353596,-10.591182,-2.0005566
2022-04-28 02:36:02.221062,0.2745862,-10.591182,-1.96133
2022-04-28 02:36:02.221062,0.2745862,-10.6304086,-2.0397832
2022-04-28 02:36:02.221062,0.2745862,-10.6696352,-2.0005566
2022-04-28 02:36:02.221062,0.2353596,-10.6304086,-1.9221034
2022-04-28 02:36:02.221062,0.2353596,-10.591182,-1.96133
2022-04-28 02:36:02.221062,0.2745862,-10.6304086,-1.9221034
2022-04-28 02:36:02.221062,0.2353596,-10.6304086,-1.96133
2022-04-28 02:36:02.221062,0.2353596,-10.591182,-1.9221034
2022-04-28 02:36:02.221062,0.2745862,-10.6696352,-1.9221034
2022-04-28 02:36:02.221062,0.2745862,-10.6304086,-1.96133
2022-04-28 02:36:02.221062,0.2353596,-10.6304086,-1.96133
2022-04-28 02:36:02.221062,0.3138128,-10.6696352,-1.96133
2022-04-28 02:36:02.221062,0.2745862,-10.6304086,-1.9221034
2022-04-28 02:36:02.221062,0.2353596,-10.591182,-2.0005566
2022-04-28 02:36:02.221062,0.2745862,-10.6304086,-2.0005566
2022-04-28 02:36:02.221062,0.2353596,-10.591182,-1.96133
2022-04-28 02:36:02.221062,0.2745862,-10.591182,-1.96133
2022-04-28 02:36:02.221062,0.2745862,-10.6304086,-1.9221034
2022-04-28 02:36:02.221062,0.2353596,-10.6304086,-2.0005566
2022-04-28 02:36:02.221062,0.2745862,-10.6304086,-2.0005566
2022-04-28 02:36:02.221062,0.2745862,-10.6304086,-1.9221034
2022-04-28 02:36:02.221062,0.3138128,-10.6304086,-1.96133
2022-04-28 02:36:02.221062,0.196133,-10.591182,-1.8828768
2022-04-28 02:36:02.221062,0.2353596,-10.5519554,-1.9221034
2022-04-28 02:36:02.221062,0.196133,-10.6304086,-1.96133
2022-04-28 02:36:02.221062,0.2745862,-10.591182,-1.9221034
2022-04-28 02:36:02.221062,0.2745862,-10.6304086,-1.96133
2022-04-28 02:36:02.221062,0.2353596,-10.591182,-1.96133
2022-04-28 02:36:02.221062,0.2745862,-10.6304086,-1.9221034
2022-04-28 02:36:02.221062,0.2745862,-10.6304086,-1.9221034
2022-04-28 02:36:02.221062,0.2745862,-10.6304086,-1.9221034
2022-04-28 02:36:02.221062,0.2353596,-10.6304086,-1.9221034
2022-04-28 02:36:02.221062,0.2745862,-10.6304086,-2.0005566
2022-04-28 02:36:02.221062,0.2353596,-10.6304086,-1.96133
2022-04-28 02:36:02.221062,0.2745862,-10.591182,-1.96133
2022-04-28 02:36:02.221062,0.2745862,-10.591182,-2.0005566
2022-04-28 02:36:02.221062,0.2745862,-10.6304086,-1.96133
2022-04-28 02:36:02.221062,0.2353596,-10.6696352,-2.0005566
2022-04-28 02:36:02.221062,0.2353596,-10.591182,-1.96133
2022-04-28 02:36:02.221062,0.2353596,-10.591182,-1.9221034
2022-04-28 02:36:02.221062,0.2745862,-10.591182,-1.9221034
2022-04-28 02:36:02.221062,0.3138128,-10.6696352,-1.9221034
2022-04-28 02:36:02.221062,0.2745862,-10.6696352,-1.9221034
2022-04-28 02:36:02.221062,0.2745862,-10.6304086,-2.0005566
2022-04-28 02:36:02.221062,0.2745862,-10.6696352,-1.96133
2022-04-28 02:36:02.221062,0.2353596,-10.6304086,-1.96133
2022-04-28 02:36:02.221062,0.2745862,-10.6304086,-1.96133
