2022-04-27 20:30:12.770229,0.5099458,6.5508422,8.9436648
2022-04-27 20:30:12.770229,0.5491724,6.5508422,8.9436648
2022-04-27 20:30:12.770229,0.5491724,6.5116156,8.9044382
2022-04-27 20:30:12.770229,0.5883989999999999,6.5508422,8.9044382
2022-04-27 20:30:12.770229,0.5491724,6.5508422,8.8652116
2022-04-27 20:30:12.770229,0.5491724,6.472389,8.9044382
2022-04-27 20:30:12.770229,0.5491724,6.5508422,8.8652116
2022-04-27 20:30:12.770229,0.5491724,6.5508422,8.8652116
2022-04-27 20:30:12.770229,0.5883989999999999,6.5116156,8.8652116
2022-04-27 20:30:12.770229,0.5491724,6.5116156,8.9044382
2022-04-27 20:30:12.770229,0.5099458,6.6292954,8.747531799999999
2022-04-27 20:30:12.770229,1.96133,8.0022264,8.316039199999999
2022-04-27 20:30:12.770229,0.5491724,7.5707338,8.0022264
2022-04-27 20:30:12.770229,0.5491724,7.5707338,8.0022264
2022-04-27 20:30:12.770229,0.5099458,7.609960399999999,8.0022264
2022-04-27 20:30:12.770229,0.5491724,7.5707338,8.0022264
2022-04-27 20:30:12.770229,0.5099458,7.609960399999999,8.0806796
2022-04-27 20:30:12.770229,0.5099458,7.5707338,8.0022264
2022-04-27 20:30:12.770229,0.5099458,7.609960399999999,8.0022264
2022-04-27 20:30:12.770229,0.5099458,7.5707338,8.0022264
2022-04-27 20:30:12.770229,0.5491724,7.5707338,8.0022264
2022-04-27 20:30:12.770229,0.5099458,7.5707338,8.041453
2022-04-27 20:30:12.770229,0.5099458,7.609960399999999,7.9629998
2022-04-27 20:30:12.770229,0.5099458,7.5707338,8.0806796
2022-04-27 20:30:12.770229,0.5099458,7.5707338,8.0022264
2022-04-27 20:30:12.770229,0.5491724,7.609960399999999,8.0806796
2022-04-27 20:30:12.770229,0.5099458,7.5707338,8.0022264
2022-04-27 20:30:12.770229,0.5099458,7.5707338,7.9629998
2022-04-27 20:30:12.770229,0.5491724,7.5707338,8.0022264
2022-04-27 20:30:12.770229,0.5491724,7.609960399999999,7.9629998
2022-04-27 20:30:12.770229,0.5099458,7.5707338,8.0022264
2022-04-27 20:30:12.770229,0.5099458,7.609960399999999,8.0022264
2022-04-27 20:30:12.770229,0.5099458,7.5707338,7.9629998
2022-04-27 20:30:12.770229,0.5491724,7.5315072,7.9629998
2022-04-27 20:30:12.770229,0.5099458,7.5707338,8.0022264
2022-04-27 20:30:12.770229,0.5099458,7.5707338,8.041453
2022-04-27 20:30:12.770229,0.5099458,7.5707338,8.041453
2022-04-27 20:30:12.770229,0.5099458,7.5707338,8.041453
2022-04-27 20:30:12.770229,0.5491724,7.609960399999999,8.041453
2022-04-27 20:30:12.770229,0.5883989999999999,7.5707338,8.041453
2022-04-27 20:30:12.770229,0.5491724,7.5707338,7.9629998
2022-04-27 20:30:12.770229,0.5491724,7.5707338,8.041453
2022-04-27 20:30:12.770229,0.5491724,7.5707338,7.9629998
2022-04-27 20:30:12.770229,0.5099458,7.5707338,7.9237732
2022-04-27 20:30:12.770229,0.5491724,7.5707338,8.0022264
2022-04-27 20:30:12.770229,0.5883989999999999,7.5315072,8.0022264
2022-04-27 20:30:12.770229,0.5491724,7.5707338,8.0806796
2022-04-27 20:30:12.770229,0.5491724,7.5707338,8.0022264
2022-04-27 20:30:12.770229,0.5099458,7.5707338,7.9237732
2022-04-27 20:30:12.770229,0.5099458,7.5707338,8.0022264
2022-04-27 20:30:12.770229,0.5491724,7.5707338,8.041453
2022-04-27 20:30:12.770229,0.5491724,7.5707338,8.0022264
2022-04-27 20:30:12.770229,0.5099458,7.5707338,7.9629998
2022-04-27 20:30:12.770229,0.5491724,7.5707338,7.9629998
2022-04-27 20:30:12.770229,0.5099458,7.5707338,8.0022264
2022-04-27 20:30:12.770229,0.5491724,7.5707338,7.9629998
2022-04-27 20:30:12.770229,0.5491724,7.609960399999999,8.0022264
2022-04-27 20:30:12.770229,0.5099458,7.5707338,8.0022264
2022-04-27 20:30:12.770229,0.4707192,7.5707338,8.0022264
2022-04-27 20:30:12.770229,0.5491724,7.5707338,8.0022264
2022-04-27 20:30:12.770229,0.5099458,7.609960399999999,7.9629998
2022-04-27 20:30:12.770229,0.5099458,7.5707338,8.041453
2022-04-27 20:30:12.770229,0.5099458,7.5707338,8.041453
2022-04-27 20:30:12.770229,0.5491724,7.5707338,8.0022264
2022-04-27 20:30:12.770229,0.5099458,7.609960399999999,8.0022264
2022-04-27 20:30:12.770229,0.5491724,7.5707338,7.9629998
2022-04-27 20:30:12.770229,0.5491724,7.5315072,7.9629998
2022-04-27 20:30:12.770229,0.5099458,7.453054,8.0022264
2022-04-27 20:30:12.770229,0.5099458,7.609960399999999,8.041453
2022-04-27 20:30:12.770229,0.5491724,7.5707338,7.9629998
2022-04-27 20:30:12.770229,0.5099458,7.5707338,8.0022264
2022-04-27 20:30:12.770229,0.5099458,7.5707338,8.0022264
2022-04-27 20:30:12.770229,0.5099458,7.5707338,8.0022264
2022-04-27 20:30:12.770229,0.5491724,7.5707338,8.041453
2022-04-27 20:30:12.770229,0.5099458,7.5707338,7.9629998
2022-04-27 20:30:12.770229,0.5099458,7.5707338,8.0022264
2022-04-27 20:30:12.770229,0.5491724,7.5707338,8.0022264
2022-04-27 20:30:12.770229,0.5491724,7.5707338,8.0022264
2022-04-27 20:30:12.770229,0.4707192,7.5707338,8.0022264
2022-04-27 20:30:12.770229,0.5491724,7.5707338,8.0022264
2022-04-27 20:30:12.770229,0.5099458,7.609960399999999,8.0022264
2022-04-27 20:30:12.770229,0.5491724,7.609960399999999,8.0022264
2022-04-27 20:30:12.770229,0.5099458,7.5707338,8.041453
2022-04-27 20:30:12.770229,0.5491724,7.609960399999999,8.0022264
2022-04-27 20:30:12.770229,0.5491724,7.5707338,8.0022264
2022-04-27 20:30:12.770229,0.5099458,7.609960399999999,8.0022264
2022-04-27 20:30:12.770229,0.5491724,7.5707338,8.041453
2022-04-27 20:30:12.770229,0.5491724,7.5707338,8.0022264
2022-04-27 20:30:12.770229,0.5491724,7.5707338,7.9629998
2022-04-27 20:30:12.770229,0.5491724,7.5707338,8.041453
2022-04-27 20:30:12.770229,0.5099458,7.5707338,8.0022264
2022-04-27 20:30:12.770229,0.5883989999999999,7.5707338,8.041453
2022-04-27 20:30:12.770229,0.5883989999999999,7.5707338,8.041453
2022-04-27 20:30:12.770229,0.5491724,7.5707338,8.0022264
2022-04-27 20:30:12.770229,0.5099458,7.5707338,8.041453
2022-04-27 20:30:12.770229,0.5491724,7.5707338,8.041453
2022-04-27 20:30:12.770229,0.5491724,7.5707338,8.0022264
2022-04-27 20:30:12.770229,0.5491724,7.5707338,7.9629998
2022-04-27 20:30:12.770229,0.5099458,7.5707338,8.0022264
2022-04-27 20:30:12.770229,0.5099458,7.5315072,8.0022264
2022-04-27 20:30:12.770229,0.5883989999999999,7.5707338,8.0022264
2022-04-27 20:30:12.770229,0.5491724,7.5707338,7.9629998
2022-04-27 20:30:12.770229,0.5099458,7.5707338,7.9629998
2022-04-27 20:30:12.770229,0.5099458,7.5707338,8.0022264
2022-04-27 20:30:12.770229,0.5491724,7.5707338,8.041453
2022-04-27 20:30:12.770229,0.5491724,7.5707338,7.9629998
2022-04-27 20:30:12.770229,0.5491724,7.5707338,8.0022264
2022-04-27 20:30:12.770229,0.5491724,7.5707338,7.9629998
2022-04-27 20:30:12.770229,0.5099458,7.5707338,8.041453
2022-04-27 20:30:12.770229,0.5099458,7.5707338,8.0022264
2022-04-27 20:30:12.770229,0.5491724,7.5707338,7.9629998
2022-04-27 20:30:12.770229,0.5491724,7.609960399999999,8.0022264
2022-04-27 20:30:12.770229,0.5491724,7.5707338,8.0022264
2022-04-27 20:30:12.770229,0.5883989999999999,7.5707338,8.0022264
2022-04-27 20:30:12.770229,0.5491724,7.5707338,8.0022264
2022-04-27 20:30:12.770229,0.5099458,7.609960399999999,8.0022264
2022-04-27 20:30:12.770229,0.5491724,7.5707338,8.0022264
2022-04-27 20:30:12.770229,0.5099458,7.5707338,8.0022264
2022-04-27 20:30:12.770229,0.4707192,7.609960399999999,8.041453
2022-04-27 20:30:12.770229,0.5491724,7.5707338,8.0022264
2022-04-27 20:30:12.770229,0.5099458,7.609960399999999,8.041453
2022-04-27 20:30:12.770229,0.5099458,7.5707338,7.9629998
2022-04-27 20:30:12.770229,0.5099458,7.5707338,7.9629998
2022-04-27 20:30:12.770229,0.5491724,7.5707338,7.9629998
2022-04-27 20:30:12.770229,0.5099458,7.5707338,7.9237732
2022-04-27 20:30:12.770229,0.5491724,7.5707338,7.9629998
2022-04-27 20:30:12.770229,0.5491724,7.5707338,8.0022264
2022-04-27 20:30:12.770229,0.5099458,7.5315072,8.0022264
2022-04-27 20:30:12.770229,0.5099458,7.5707338,7.9629998
2022-04-27 20:30:12.770229,0.5491724,7.5707338,8.0022264
2022-04-27 20:30:12.770229,0.5099458,7.5707338,8.0022264
2022-04-27 20:30:12.770229,0.5099458,7.609960399999999,8.0022264
2022-04-27 20:30:12.770229,0.5099458,7.5707338,8.0022264
2022-04-27 20:30:12.770229,0.4707192,7.609960399999999,8.041453
2022-04-27 20:30:12.770229,0.5099458,7.5707338,8.041453
2022-04-27 20:30:12.770229,0.5099458,7.5707338,7.9629998
2022-04-27 20:30:12.770229,0.5491724,7.609960399999999,8.0022264
2022-04-27 20:30:12.770229,0.5099458,7.6491869999999995,8.0806796
2022-04-27 20:30:12.770229,0.5491724,0.9414384,10.787315
2022-04-27 20:30:12.770229,0.5883989999999999,1.3337044,10.7088618
2022-04-27 20:30:12.770229,0.5883989999999999,1.3337044,10.7480884
2022-04-27 20:30:12.770229,0.5883989999999999,1.3729310000000001,10.7480884
2022-04-27 20:30:12.770229,0.5491724,1.3337044,10.7480884
2022-04-27 20:30:12.770229,0.6276256,1.3729310000000001,10.7480884
2022-04-27 20:30:12.770229,0.6276256,1.3337044,10.7088618
2022-04-27 20:30:12.770229,0.5883989999999999,1.3729310000000001,10.7480884
2022-04-27 20:30:12.770229,0.5883989999999999,1.3729310000000001,10.7480884
2022-04-27 20:30:12.770229,0.5883989999999999,1.3729310000000001,10.7480884
2022-04-27 20:30:12.770229,0.5883989999999999,1.4513842,10.6696352
2022-04-27 20:30:12.770229,0.5491724,1.3729310000000001,10.787315
2022-04-27 20:30:12.770229,0.6276256,1.2944778,10.7480884
2022-04-27 20:30:12.770229,0.5883989999999999,1.3729310000000001,10.7480884
2022-04-27 20:30:12.770229,0.6276256,1.3729310000000001,10.7088618
2022-04-27 20:30:12.770229,0.5491724,1.3729310000000001,10.7480884
2022-04-27 20:30:12.770229,0.5883989999999999,1.3729310000000001,10.7480884
2022-04-27 20:30:12.770229,0.5491724,1.3337044,10.7088618
2022-04-27 20:30:12.770229,0.5883989999999999,1.3337044,10.7088618
2022-04-27 20:30:12.770229,0.5883989999999999,1.3729310000000001,10.7480884
2022-04-27 20:30:12.770229,0.5883989999999999,1.3729310000000001,10.6696352
2022-04-27 20:30:12.770229,0.5883989999999999,1.3337044,10.7480884
2022-04-27 20:30:12.770229,0.6276256,1.3337044,10.7480884
2022-04-27 20:30:12.770229,0.5883989999999999,1.3337044,10.7088618
2022-04-27 20:30:12.770229,0.6276256,1.3337044,10.7480884
2022-04-27 20:30:12.770229,0.6276256,1.3337044,10.7088618
2022-04-27 20:30:12.770229,0.5491724,1.3337044,10.7088618
2022-04-27 20:30:12.770229,0.5883989999999999,1.3729310000000001,10.7088618
2022-04-27 20:30:12.770229,0.5491724,1.3337044,10.7480884
2022-04-27 20:30:12.770229,0.5491724,1.3729310000000001,10.6696352
2022-04-27 20:30:12.770229,0.5491724,1.3729310000000001,10.787315
2022-04-27 20:30:12.770229,0.5491724,1.3729310000000001,10.7088618
2022-04-27 20:30:12.770229,0.5883989999999999,1.3729310000000001,10.7088618
2022-04-27 20:30:12.770229,0.5883989999999999,1.4121576,10.8657682
2022-04-27 20:30:12.770229,0.5883989999999999,1.2944778,10.787315
2022-04-27 20:30:12.770229,0.5491724,1.3729310000000001,10.7088618
2022-04-27 20:30:12.770229,0.5883989999999999,1.3337044,10.6696352
2022-04-27 20:30:12.770229,0.5883989999999999,1.4121576,10.7480884
2022-04-27 20:30:12.770229,0.5099458,1.3729310000000001,10.7480884
2022-04-27 20:30:12.770229,0.5883989999999999,1.2944778,10.7480884
2022-04-27 20:30:12.770229,0.5491724,1.3337044,10.7480884
2022-04-27 20:30:12.770229,0.5491724,1.4121576,10.7480884
2022-04-27 20:30:12.770229,0.5883989999999999,1.3729310000000001,10.7088618
2022-04-27 20:30:12.770229,0.5491724,1.3337044,10.7088618
2022-04-27 20:30:12.770229,0.5883989999999999,1.3729310000000001,10.7088618
2022-04-27 20:30:12.770229,0.6276256,1.3337044,10.7088618
2022-04-27 20:30:12.770229,0.5883989999999999,1.3729310000000001,10.7088618
2022-04-27 20:30:12.770229,0.5491724,1.3729310000000001,10.7480884
2022-04-27 20:30:12.770229,0.6276256,1.3337044,10.7480884
2022-04-27 20:30:12.770229,0.5491724,1.3729310000000001,10.6696352
2022-04-27 20:30:12.770229,0.5883989999999999,1.3729310000000001,10.7480884
2022-04-27 20:30:12.770229,0.6276256,1.3337044,10.7088618
2022-04-27 20:30:12.770229,0.5883989999999999,1.3729310000000001,10.7088618
2022-04-27 20:30:12.770229,0.5491724,1.3729310000000001,10.7480884
2022-04-27 20:30:12.770229,0.5883989999999999,1.3337044,10.8265416
2022-04-27 20:30:12.770229,0.5883989999999999,1.3337044,10.7088618
2022-04-27 20:30:12.770229,0.5883989999999999,1.3729310000000001,10.787315
2022-04-27 20:30:12.770229,0.6276256,1.3337044,10.7088618
2022-04-27 20:30:12.770229,0.5883989999999999,1.2944778,10.7480884
2022-04-27 20:30:12.770229,0.5883989999999999,1.3729310000000001,10.7480884
2022-04-27 20:30:12.770229,0.5883989999999999,1.3729310000000001,10.7480884
2022-04-27 20:30:12.770229,0.5491724,1.3729310000000001,10.7480884
2022-04-27 20:30:12.770229,0.5883989999999999,1.3729310000000001,10.7088618
2022-04-27 20:30:12.770229,0.5491724,1.3729310000000001,10.7088618
2022-04-27 20:30:12.770229,0.5883989999999999,1.3337044,10.7480884
2022-04-27 20:30:12.770229,0.5491724,1.3729310000000001,10.7480884
2022-04-27 20:30:12.770229,0.6276256,1.2944778,10.7480884
2022-04-27 20:30:12.770229,0.5883989999999999,1.2944778,10.7480884
2022-04-27 20:30:12.770229,0.5883989999999999,1.3337044,10.8657682
2022-04-27 20:30:12.770229,0.5883989999999999,1.3337044,10.7480884
2022-04-27 20:30:12.770229,0.5491724,1.3337044,10.7088618
2022-04-27 20:30:12.770229,0.5883989999999999,1.3729310000000001,10.7088618
2022-04-27 20:30:12.770229,0.5883989999999999,1.3729310000000001,10.7088618
2022-04-27 20:30:12.770229,0.5883989999999999,1.3337044,10.7480884
2022-04-27 20:30:12.770229,0.5883989999999999,1.3337044,10.7480884
2022-04-27 20:30:12.770229,0.5883989999999999,1.3729310000000001,10.7480884
2022-04-27 20:30:12.770229,0.5883989999999999,1.3729310000000001,10.787315
2022-04-27 20:30:12.770229,0.5491724,1.3337044,10.7088618
2022-04-27 20:30:12.770229,0.5099458,1.3729310000000001,10.7480884
2022-04-27 20:30:12.770229,0.5491724,1.3337044,10.6696352
2022-04-27 20:30:12.770229,0.5883989999999999,1.3729310000000001,10.7088618
2022-04-27 20:30:12.770229,0.5883989999999999,1.3729310000000001,10.7088618
2022-04-27 20:30:12.770229,0.5491724,1.3729310000000001,10.787315
2022-04-27 20:30:12.770229,0.5491724,1.3337044,10.6696352
2022-04-27 20:30:12.770229,0.5883989999999999,1.3729310000000001,10.6696352
2022-04-27 20:30:12.770229,0.5491724,1.3337044,10.7480884
2022-04-27 20:30:12.770229,0.5491724,1.3337044,10.7480884
2022-04-27 20:30:12.770229,0.6276256,1.3337044,10.787315
2022-04-27 20:30:12.770229,0.6276256,1.3337044,10.787315
2022-04-27 20:30:12.770229,0.5883989999999999,1.4121576,10.7480884
2022-04-27 20:30:12.770229,0.5883989999999999,1.3337044,10.7480884
2022-04-27 20:30:12.770229,0.5883989999999999,1.3729310000000001,10.7480884
2022-04-27 20:30:12.770229,0.5491724,1.3337044,10.7088618
2022-04-27 20:30:12.770229,0.5491724,1.4121576,10.7480884
2022-04-27 20:30:12.770229,0.5491724,1.3729310000000001,10.7480884
2022-04-27 20:30:12.770229,0.5883989999999999,1.3729310000000001,10.7480884
2022-04-27 20:30:12.770229,0.5883989999999999,1.3337044,10.7480884
2022-04-27 20:30:12.770229,0.5491724,1.3729310000000001,10.7088618
2022-04-27 20:30:12.770229,0.5883989999999999,1.3337044,10.7480884
2022-04-27 20:30:12.770229,0.5883989999999999,1.3729310000000001,10.787315
2022-04-27 23:00:41.781204,0.1176798,0.0784532,10.787315
2022-04-27 23:00:41.781204,0.1176798,0.0392266,10.8265416
2022-04-27 23:00:41.781204,0.1176798,0.0392266,10.787315
2022-04-27 23:00:41.781204,0.1176798,0.0392266,10.5519554
2022-04-27 23:00:41.781204,0.1176798,0.0392266,10.7480884
2022-04-27 23:00:41.781204,0.0784532,0.0784532,10.7088618
2022-04-27 23:00:41.781204,0.1569064,0.0392266,10.8265416
2022-04-27 23:00:41.781204,0.0784532,0.0784532,10.8265416
2022-04-27 23:00:41.781204,0.0784532,0.0784532,10.8265416
2022-04-28 02:36:02.221062,0.43149259999999995,-9.9635564,0.43149259999999995
2022-04-28 02:36:02.221062,0.392266,-9.924329799999999,0.392266
2022-04-28 02:36:02.221062,0.392266,-9.9635564,0.392266
2022-04-28 02:36:02.221062,0.3530394,-9.924329799999999,0.43149259999999995
2022-04-28 02:36:02.221062,0.392266,-9.9635564,0.392266
2022-04-28 02:36:02.221062,0.3530394,-9.9635564,0.4707192
2022-04-28 02:36:02.221062,0.43149259999999995,-9.9635564,0.43149259999999995
2022-04-28 02:36:02.221062,0.3530394,-9.924329799999999,0.4707192
2022-04-28 02:36:02.221062,0.43149259999999995,-9.924329799999999,0.43149259999999995
2022-04-28 02:36:02.221062,0.3530394,-9.8851032,0.3530394
2022-04-28 02:36:02.221062,0.392266,-9.9635564,0.4707192
2022-04-28 02:36:02.221062,0.392266,-9.9635564,0.43149259999999995
2022-04-28 02:36:02.221062,0.392266,-9.9635564,0.43149259999999995
2022-04-28 02:36:02.221062,0.392266,-9.924329799999999,0.43149259999999995
2022-04-28 02:36:02.221062,0.43149259999999995,-9.924329799999999,0.4707192
2022-04-28 02:36:02.221062,0.392266,-9.924329799999999,0.43149259999999995
2022-04-28 02:36:02.221062,0.43149259999999995,-9.9635564,0.43149259999999995
2022-04-28 02:36:02.221062,0.392266,-9.924329799999999,0.392266
2022-04-28 02:36:02.221062,0.3530394,-9.8851032,0.392266
2022-04-28 02:36:02.221062,0.43149259999999995,-9.9635564,0.43149259999999995
2022-04-28 02:36:02.221062,0.392266,-9.8851032,0.5099458
2022-04-28 02:36:02.221062,0.43149259999999995,-9.924329799999999,0.3530394
2022-04-28 02:36:02.221062,0.3530394,-9.9635564,0.392266
2022-04-28 02:36:02.221062,0.1176798,-10.6304086,-0.0392266
2022-04-28 02:36:02.221062,0.4707192,-9.9635564,0.3530394
2022-04-28 02:36:02.221062,0.43149259999999995,-9.924329799999999,0.3530394
2022-04-28 02:36:02.221062,0.43149259999999995,-9.924329799999999,0.392266
2022-04-28 02:36:02.221062,0.4707192,-9.924329799999999,0.3530394
2022-04-28 02:36:02.221062,0.4707192,-9.9635564,0.3530394
2022-04-28 02:36:02.221062,0.43149259999999995,-9.924329799999999,0.3138128
2022-04-28 02:36:02.221062,0.43149259999999995,-9.924329799999999,0.3530394
2022-04-28 02:36:02.221062,0.4707192,-9.924329799999999,0.3138128
2022-04-28 02:36:02.221062,0.43149259999999995,-9.924329799999999,0.3138128
2022-04-28 02:36:02.221062,0.4707192,-9.9635564,0.3530394
2022-04-28 02:36:02.221062,0.5099458,-9.9635564,0.3138128
2022-04-28 02:36:02.221062,0.4707192,-9.9635564,0.3138128
2022-04-28 02:36:02.221062,0.4707192,-9.9635564,0.3138128
2022-04-28 02:36:02.221062,0.4707192,-9.8851032,0.2745862
2022-04-28 02:36:02.221062,0.43149259999999995,-9.9635564,0.3530394
2022-04-28 02:36:02.221062,0.43149259999999995,-9.9635564,0.392266
2022-04-28 02:36:02.221062,0.43149259999999995,-9.924329799999999,0.2745862
2022-04-28 02:36:02.221062,0.4707192,-9.924329799999999,0.3138128
2022-04-28 02:36:02.221062,0.4707192,-9.9635564,0.3138128
2022-04-28 02:36:02.221062,0.43149259999999995,-9.8851032,0.3530394
2022-04-28 02:36:02.221062,0.4707192,-9.924329799999999,0.3138128
2022-04-28 02:36:02.221062,0.4707192,-9.924329799999999,0.3138128
2022-04-28 02:36:02.221062,0.43149259999999995,-9.9635564,0.3138128
2022-04-28 02:36:02.221062,0.4707192,-9.924329799999999,0.3530394
2022-04-28 02:36:02.221062,0.43149259999999995,-9.924329799999999,0.3530394
2022-04-28 02:36:02.221062,0.43149259999999995,-9.9635564,0.3530394
2022-04-28 02:36:02.221062,0.43149259999999995,-9.9635564,0.392266
2022-04-28 02:36:02.221062,0.43149259999999995,-9.924329799999999,0.3138128
2022-04-28 02:36:02.221062,0.4707192,-9.924329799999999,0.3530394
2022-04-28 02:36:02.221062,0.43149259999999995,-9.924329799999999,0.3530394
2022-04-28 02:36:02.221062,0.4707192,-9.9635564,0.3530394
2022-04-28 02:36:02.221062,0.392266,-9.8851032,0.3530394
2022-04-28 02:36:02.221062,0.43149259999999995,-9.924329799999999,0.3138128
2022-04-28 02:36:02.221062,0.43149259999999995,-9.924329799999999,0.392266
2022-04-28 02:36:02.221062,0.4707192,-9.924329799999999,0.3530394
2022-04-28 02:36:02.221062,0.43149259999999995,-9.924329799999999,0.3138128
2022-04-28 02:36:02.221062,0.43149259999999995,-9.924329799999999,0.3138128
2022-04-28 02:36:02.221062,0.43149259999999995,-9.924329799999999,0.3138128
2022-04-28 02:36:02.221062,0.43149259999999995,-9.924329799999999,0.3530394
2022-04-28 02:36:02.221062,0.4707192,-9.924329799999999,0.3138128
2022-04-28 02:36:02.221062,0.43149259999999995,-9.9635564,0.3138128
2022-04-28 02:36:02.221062,0.4707192,-9.924329799999999,0.2745862
2022-04-28 02:36:02.221062,0.43149259999999995,-9.924329799999999,0.3530394
2022-04-28 02:36:02.221062,0.4707192,-9.924329799999999,0.2745862
2022-04-28 02:36:02.221062,0.392266,-9.8851032,0.3138128
2022-04-28 02:36:02.221062,0.43149259999999995,-9.924329799999999,0.3530394
2022-04-28 02:36:02.221062,0.43149259999999995,-9.9635564,0.3530394
2022-04-28 02:36:02.221062,0.392266,-9.924329799999999,0.3138128
2022-04-28 02:36:02.221062,0.43149259999999995,-9.924329799999999,0.3138128
2022-04-28 02:36:02.221062,0.43149259999999995,-9.924329799999999,0.3530394
2022-04-28 02:36:02.221062,0.43149259999999995,-9.924329799999999,0.3138128
2022-04-28 02:36:02.221062,0.5099458,-9.924329799999999,0.2353596
2022-04-28 02:36:02.221062,0.43149259999999995,-9.924329799999999,0.3138128
2022-04-28 02:36:02.221062,0.43149259999999995,-9.9635564,0.3138128
2022-04-28 02:36:02.221062,0.43149259999999995,-9.9635564,0.3530394
2022-04-28 02:36:02.221062,0.43149259999999995,-9.924329799999999,0.3138128
2022-04-28 02:36:02.221062,0.43149259999999995,-9.924329799999999,0.3530394
2022-04-28 02:36:02.221062,0.43149259999999995,-9.9635564,0.43149259999999995
2022-04-28 02:36:02.221062,0.4707192,-9.924329799999999,0.3530394
2022-04-28 02:36:02.221062,0.43149259999999995,-9.924329799999999,0.3530394
2022-04-28 02:36:02.221062,0.392266,-9.924329799999999,0.3530394
2022-04-28 02:36:02.221062,0.4707192,-9.8851032,0.3138128
2022-04-28 02:36:02.221062,0.4707192,-9.9635564,0.392266
2022-04-28 02:36:02.221062,0.43149259999999995,-9.9635564,0.392266
2022-04-28 02:36:02.221062,0.43149259999999995,-9.9635564,0.3138128
2022-04-28 02:36:02.221062,0.4707192,-9.9635564,0.392266
2022-04-28 02:36:02.221062,0.4707192,-9.9635564,0.3138128
2022-04-28 02:36:02.221062,0.43149259999999995,-9.924329799999999,0.3138128
2022-04-28 02:36:02.221062,0.392266,-9.924329799999999,0.3530394
2022-04-28 02:36:02.221062,0.4707192,-9.9635564,0.3138128
2022-04-28 02:36:02.221062,0.4707192,-9.9635564,0.3138128
2022-04-28 02:36:02.221062,0.43149259999999995,-9.9635564,0.3530394
2022-04-28 02:36:02.221062,0.4707192,-9.924329799999999,0.2745862
2022-04-28 02:36:02.221062,0.4707192,-9.924329799999999,0.3138128
2022-04-28 02:36:02.221062,0.43149259999999995,-9.924329799999999,0.3138128
2022-04-28 02:36:02.221062,0.43149259999999995,-9.8851032,0.392266
2022-04-28 02:36:02.221062,0.4707192,-9.924329799999999,0.392266
2022-04-28 02:36:02.221062,0.4707192,-9.9635564,0.2745862
2022-04-28 02:36:02.221062,0.5099458,-9.924329799999999,0.3530394
2022-04-28 02:36:02.221062,0.43149259999999995,-9.8851032,0.3138128
2022-04-28 02:36:02.221062,0.43149259999999995,-9.924329799999999,0.3138128
2022-04-28 02:36:02.221062,0.4707192,-9.9635564,0.3138128
2022-04-28 02:36:02.221062,0.4707192,-9.924329799999999,0.3530394
2022-04-28 02:36:02.221062,0.43149259999999995,-9.8851032,0.3530394
2022-04-28 02:36:02.221062,0.43149259999999995,-9.8851032,0.3530394
2022-04-28 02:36:02.221062,0.43149259999999995,-9.9635564,0.2745862
2022-04-28 02:36:02.221062,0.4707192,-9.9635564,0.3530394
2022-04-28 02:36:02.221062,0.43149259999999995,-9.924329799999999,0.3530394
2022-04-28 02:36:02.221062,0.4707192,-9.924329799999999,0.3530394
2022-04-28 02:36:02.221062,0.43149259999999995,-9.924329799999999,0.3530394
2022-04-28 02:36:02.221062,0.392266,-9.924329799999999,0.3138128
2022-04-28 02:36:02.221062,0.4707192,-9.9635564,0.3530394
2022-04-28 02:36:02.221062,0.43149259999999995,-9.924329799999999,0.3530394
2022-04-28 02:36:02.221062,0.43149259999999995,-9.924329799999999,0.3530394
2022-04-28 02:36:02.221062,0.43149259999999995,-9.924329799999999,0.3138128
2022-04-28 02:36:02.221062,0.43149259999999995,-9.924329799999999,0.2745862
2022-04-28 02:36:02.221062,0.43149259999999995,-9.9635564,0.3138128
2022-04-28 02:36:02.221062,0.4707192,-9.924329799999999,0.3138128
2022-04-28 02:36:02.221062,0.43149259999999995,-9.924329799999999,0.3138128
2022-04-28 02:36:02.221062,0.43149259999999995,-9.924329799999999,0.3138128
2022-04-28 02:36:02.221062,0.43149259999999995,-9.924329799999999,0.3530394
2022-04-28 02:36:02.221062,0.43149259999999995,-9.8851032,0.3530394
2022-04-28 02:36:02.221062,0.43149259999999995,-9.924329799999999,0.3530394
2022-04-28 02:36:02.221062,0.43149259999999995,-9.924329799999999,0.2745862
2022-04-28 02:36:02.221062,0.4707192,-9.924329799999999,0.3138128
2022-04-28 02:36:02.221062,0.43149259999999995,-9.924329799999999,0.3530394
2022-04-28 02:36:02.221062,0.4707192,-9.924329799999999,0.3530394
2022-04-28 02:36:02.221062,0.4707192,-9.924329799999999,0.2353596
2022-04-28 02:36:02.221062,0.4707192,-9.9635564,0.3530394
2022-04-28 02:36:02.221062,0.4707192,-9.9635564,0.2353596
2022-04-28 02:36:02.221062,0.43149259999999995,-9.924329799999999,0.3530394
2022-04-28 02:36:02.221062,0.5099458,-9.924329799999999,0.3530394
2022-04-28 02:36:02.221062,0.4707192,-9.924329799999999,0.3530394
2022-04-28 02:36:02.221062,0.43149259999999995,-9.924329799999999,0.392266
2022-04-28 02:36:02.221062,0.43149259999999995,-9.924329799999999,0.3138128
2022-04-28 02:36:02.221062,0.4707192,-9.924329799999999,0.3530394
2022-04-28 02:36:02.221062,0.43149259999999995,-9.924329799999999,0.3530394
2022-04-28 02:36:02.221062,0.43149259999999995,-9.8851032,0.3138128
2022-04-28 02:36:02.221062,0.4707192,-9.9635564,0.392266
2022-04-28 02:36:02.221062,0.43149259999999995,-9.924329799999999,0.2745862
2022-04-28 02:36:02.221062,0.4707192,-9.924329799999999,0.3530394
2022-04-28 02:36:02.221062,0.43149259999999995,-9.924329799999999,0.3138128
2022-04-28 02:36:02.221062,0.4707192,-9.9635564,0.3138128
2022-04-28 02:36:02.221062,0.43149259999999995,-9.924329799999999,0.3530394
2022-04-28 02:36:02.221062,0.4707192,-9.9635564,0.3530394
2022-04-28 02:36:02.221062,0.43149259999999995,-9.924329799999999,0.3530394
2022-04-28 02:36:02.221062,0.4707192,-9.9635564,0.3138128
2022-04-28 02:36:02.221062,0.43149259999999995,-9.924329799999999,0.392266
2022-04-28 02:36:02.221062,0.43149259999999995,-9.8851032,0.3138128
2022-04-28 02:36:02.221062,0.43149259999999995,-9.924329799999999,0.3138128
2022-04-28 02:36:02.221062,0.4707192,-9.924329799999999,0.3138128
2022-04-28 02:36:02.221062,0.43149259999999995,-9.924329799999999,0.392266
2022-04-28 02:36:02.221062,0.4707192,-9.9635564,0.3530394
2022-04-28 02:36:02.221062,0.43149259999999995,-9.8851032,0.3138128
2022-04-28 02:36:02.221062,0.43149259999999995,-9.924329799999999,0.3530394
2022-04-28 02:36:02.221062,0.392266,-9.924329799999999,0.3530394
2022-04-28 02:36:02.221062,0.4707192,-9.924329799999999,0.3138128
2022-04-28 02:36:02.221062,0.43149259999999995,-9.9635564,0.3138128
2022-04-28 02:36:02.221062,0.4707192,-9.9635564,0.392266
2022-04-28 02:36:02.221062,0.43149259999999995,-9.924329799999999,0.3530394
2022-04-28 02:36:02.221062,0.43149259999999995,-9.924329799999999,0.3530394
2022-04-28 02:36:02.221062,0.5099458,-9.9635564,0.3530394
2022-04-28 02:36:02.221062,0.4707192,-9.924329799999999,0.3138128
2022-04-28 02:36:02.221062,0.4707192,-9.9635564,0.3138128
2022-04-28 02:36:02.221062,0.43149259999999995,-9.924329799999999,0.3138128
2022-04-28 02:36:02.221062,0.43149259999999995,-9.924329799999999,0.3530394
2022-04-28 02:36:02.221062,0.4707192,-9.924329799999999,0.3138128
2022-04-28 02:36:02.221062,0.4707192,-9.924329799999999,0.3530394
2022-04-28 02:36:02.221062,0.43149259999999995,-9.924329799999999,0.392266
2022-04-28 02:36:02.221062,0.43149259999999995,-9.924329799999999,0.3530394
2022-04-28 02:36:02.221062,0.43149259999999995,-9.924329799999999,0.3530394
2022-04-28 02:36:02.221062,0.43149259999999995,-9.924329799999999,0.3138128
2022-04-28 02:36:02.221062,0.4707192,-9.924329799999999,0.3138128
2022-04-28 02:36:02.221062,0.4707192,-9.924329799999999,0.3138128
2022-04-28 02:36:02.221062,0.43149259999999995,-9.924329799999999,0.3530394
2022-04-28 02:36:02.221062,0.43149259999999995,-9.924329799999999,0.3138128
2022-04-28 02:36:02.221062,0.43149259999999995,-9.924329799999999,0.3138128
2022-04-28 02:36:02.221062,0.4707192,-9.924329799999999,0.3138128
2022-04-28 02:36:02.221062,0.43149259999999995,-9.924329799999999,0.3530394
2022-04-28 02:36:02.221062,0.43149259999999995,-9.924329799999999,0.3138128
2022-04-28 02:36:02.221062,0.4707192,-9.924329799999999,0.3138128
2022-04-28 02:36:02.221062,0.43149259999999995,-9.8851032,0.3530394
2022-04-28 02:36:02.221062,0.4707192,-9.924329799999999,0.3138128
2022-04-28 02:36:02.221062,0.43149259999999995,-9.924329799999999,0.3530394
2022-04-28 02:36:02.221062,0.43149259999999995,-9.924329799999999,0.3530394
2022-04-28 02:36:02.221062,0.43149259999999995,-9.9635564,0.3530394
2022-04-28 02:36:02.221062,0.392266,-9.924329799999999,0.392266
2022-04-28 02:36:02.221062,0.4707192,-9.9635564,0.3138128
2022-04-28 02:36:02.221062,0.4707192,-9.9635564,0.3138128
2022-04-28 02:36:02.221062,0.4707192,-9.924329799999999,0.3138128
2022-04-28 02:36:02.221062,0.4707192,-9.924329799999999,0.392266
2022-04-28 02:36:02.221062,0.43149259999999995,-9.924329799999999,0.3530394
2022-04-28 02:36:02.221062,0.43149259999999995,-9.924329799999999,0.3138128
2022-04-28 02:36:02.221062,0.4707192,-9.924329799999999,0.3530394
2022-04-28 02:36:02.221062,0.4707192,-9.924329799999999,0.3138128
2022-04-28 02:36:02.221062,0.4707192,-9.9635564,0.392266
2022-04-28 02:36:02.221062,0.43149259999999995,-9.8851032,0.392266
2022-04-28 02:36:02.221062,0.4707192,-9.924329799999999,0.3530394
2022-04-28 02:36:02.221062,0.43149259999999995,-9.924329799999999,0.3138128
2022-04-28 02:36:02.221062,0.43149259999999995,-9.924329799999999,0.3138128
2022-04-28 02:36:02.221062,0.43149259999999995,-9.924329799999999,0.3530394
2022-04-28 02:36:02.221062,0.43149259999999995,-9.924329799999999,0.3530394
2022-04-28 02:36:02.221062,0.43149259999999995,-9.9635564,0.3530394
2022-04-28 02:36:02.221062,0.392266,-9.924329799999999,0.3530394
2022-04-28 02:36:02.221062,0.4707192,-9.924329799999999,0.3530394
2022-04-28 02:36:02.221062,0.4707192,-9.924329799999999,0.3530394
2022-04-28 02:36:02.221062,0.392266,-9.924329799999999,0.3530394
2022-04-28 02:36:02.221062,0.43149259999999995,-9.924329799999999,0.3530394
2022-04-28 02:36:02.221062,0.392266,-9.924329799999999,0.3530394
2022-04-28 02:36:02.221062,0.4707192,-9.924329799999999,0.3530394
2022-04-28 02:36:02.221062,0.43149259999999995,-9.8851032,0.3530394
2022-04-28 02:36:02.221062,0.43149259999999995,-9.9635564,0.392266
2022-04-28 02:36:02.221062,0.43149259999999995,-9.924329799999999,0.3138128
2022-04-28 02:36:02.221062,0.4707192,-9.924329799999999,0.3530394
2022-04-28 02:36:02.221062,0.43149259999999995,-9.924329799999999,0.3530394
2022-04-28 02:36:02.221062,0.4707192,-9.924329799999999,0.3138128
2022-04-28 02:36:02.221062,0.4707192,-9.9635564,0.3530394
2022-04-28 02:36:02.221062,0.392266,-9.8851032,0.392266
2022-04-28 02:36:02.221062,0.43149259999999995,-9.924329799999999,0.3530394
2022-04-28 02:36:02.221062,0.43149259999999995,-9.924329799999999,0.3530394
2022-04-28 02:36:02.221062,0.4707192,-9.924329799999999,0.392266
2022-04-28 02:36:02.221062,0.43149259999999995,-9.924329799999999,0.2745862
2022-04-28 02:36:02.221062,0.43149259999999995,-9.924329799999999,0.392266
2022-04-28 02:36:02.221062,0.4707192,-9.924329799999999,0.392266
2022-04-28 02:36:02.221062,0.43149259999999995,-9.924329799999999,0.2745862
2022-04-28 02:36:02.221062,0.43149259999999995,-9.924329799999999,0.3138128
2022-04-28 02:36:02.221062,0.43149259999999995,-9.924329799999999,0.392266
2022-04-28 02:36:02.221062,0.43149259999999995,-9.924329799999999,0.2745862
2022-04-28 02:36:02.221062,0.4707192,-9.924329799999999,0.3138128
2022-04-28 02:36:02.221062,0.4707192,-9.9635564,0.3138128
2022-04-28 02:36:02.221062,0.4707192,-9.9635564,0.3530394
2022-04-28 02:36:02.221062,0.43149259999999995,-9.924329799999999,0.3138128
2022-04-28 02:36:02.221062,0.43149259999999995,-9.924329799999999,0.3530394
2022-04-28 02:36:02.221062,0.43149259999999995,-9.924329799999999,0.3530394
2022-04-28 02:36:02.221062,0.392266,-9.924329799999999,0.3138128
2022-04-28 02:36:02.221062,0.4707192,-9.9635564,0.3138128
2022-04-28 02:36:02.221062,0.43149259999999995,-9.9635564,0.392266
2022-04-28 02:36:02.221062,0.43149259999999995,-9.924329799999999,0.3138128
2022-04-28 02:36:02.221062,0.4707192,-9.924329799999999,0.3530394
2022-04-28 02:36:02.221062,0.392266,-9.924329799999999,0.3530394
2022-04-28 02:36:02.221062,0.43149259999999995,-9.924329799999999,0.392266
2022-04-28 02:36:02.221062,0.43149259999999995,-9.924329799999999,0.3530394
2022-04-28 02:36:02.221062,0.4707192,-9.9635564,0.3138128
2022-04-28 02:36:02.221062,0.43149259999999995,-9.924329799999999,0.3530394
2022-04-28 02:36:02.221062,0.43149259999999995,-9.924329799999999,0.392266
2022-04-28 02:36:02.221062,0.43149259999999995,-9.8851032,0.3138128
2022-04-28 02:36:02.221062,0.392266,-9.924329799999999,0.3138128
2022-04-28 02:36:02.221062,0.4707192,-9.924329799999999,0.3530394
2022-04-28 02:36:02.221062,0.4707192,-9.924329799999999,0.3138128
2022-04-28 02:36:02.221062,0.43149259999999995,-9.924329799999999,0.3138128
2022-04-28 02:36:02.221062,0.43149259999999995,-9.924329799999999,0.3530394
2022-04-28 02:36:02.221062,0.43149259999999995,-9.924329799999999,0.3530394
2022-04-28 02:36:02.221062,0.43149259999999995,-9.924329799999999,0.2745862
2022-04-28 02:36:02.221062,0.43149259999999995,-9.924329799999999,0.3530394
2022-04-28 02:36:02.221062,0.43149259999999995,-9.924329799999999,0.3138128
2022-04-28 02:36:02.221062,0.43149259999999995,-9.924329799999999,0.3138128
2022-04-28 02:36:02.221062,0.43149259999999995,-9.924329799999999,0.3530394
2022-04-28 02:36:02.221062,0.43149259999999995,-9.924329799999999,0.3138128
2022-04-28 02:36:02.221062,0.43149259999999995,-9.8851032,0.392266
2022-04-28 02:36:02.221062,0.4707192,-9.924329799999999,0.3530394
2022-04-28 02:36:02.221062,0.4707192,-9.924329799999999,0.3138128
2022-04-28 02:36:02.221062,0.43149259999999995,-9.9635564,0.392266
2022-04-28 02:36:02.221062,0.43149259999999995,-9.924329799999999,0.3530394
2022-04-28 02:36:02.221062,0.4707192,-9.924329799999999,0.392266
2022-04-28 02:36:02.221062,0.43149259999999995,-9.924329799999999,0.3138128
2022-04-28 02:36:02.221062,0.4707192,-9.924329799999999,0.3138128
2022-04-28 02:36:02.221062,0.43149259999999995,-9.924329799999999,0.3530394
2022-04-28 02:36:02.221062,0.43149259999999995,-9.924329799999999,0.43149259999999995
2022-04-28 02:36:02.221062,0.43149259999999995,-9.924329799999999,0.392266
2022-04-28 02:36:02.221062,0.43149259999999995,-9.924329799999999,0.3530394
2022-04-28 02:36:02.221062,0.43149259999999995,-9.8851032,0.3530394
2022-04-28 02:36:02.221062,0.43149259999999995,-9.924329799999999,0.3530394
2022-04-28 02:36:02.221062,0.43149259999999995,-9.924329799999999,0.3138128
2022-04-28 02:36:02.221062,0.392266,-9.8851032,0.392266
2022-04-28 02:36:02.221062,0.43149259999999995,-9.924329799999999,0.3138128
2022-04-28 02:36:02.221062,0.43149259999999995,-9.9635564,0.3530394
2022-04-28 02:36:02.221062,0.43149259999999995,-9.924329799999999,0.3530394
2022-04-28 02:36:02.221062,0.43149259999999995,-9.924329799999999,0.3530394
2022-04-28 02:36:02.221062,0.43149259999999995,-9.924329799999999,0.392266
2022-04-28 02:36:02.221062,0.43149259999999995,-9.8851032,0.3138128
2022-04-28 02:36:02.221062,0.43149259999999995,-9.924329799999999,0.3138128
2022-04-28 02:36:02.221062,0.43149259999999995,-9.8851032,0.3138128
2022-04-28 02:36:02.221062,0.392266,-9.924329799999999,0.392266
2022-04-28 02:36:02.221062,0.4707192,-9.924329799999999,0.3138128
2022-04-28 02:36:02.221062,0.392266,-9.924329799999999,0.3530394
2022-04-28 02:36:02.221062,0.4707192,-9.9635564,0.3530394
2022-04-28 02:36:02.221062,0.43149259999999995,-9.924329799999999,0.3138128
2022-04-28 02:36:02.221062,0.4707192,-9.924329799999999,0.3530394
2022-04-28 02:36:02.221062,0.43149259999999995,-9.9635564,0.392266
2022-04-28 02:36:02.221062,0.43149259999999995,-9.924329799999999,0.3530394
2022-04-28 02:36:02.221062,0.43149259999999995,-9.9635564,0.392266
2022-04-28 02:36:02.221062,0.43149259999999995,-9.924329799999999,0.2745862
2022-04-28 02:36:02.221062,0.43149259999999995,-9.9635564,0.3530394
2022-04-28 02:36:02.221062,0.43149259999999995,-9.924329799999999,0.392266
2022-04-28 02:36:02.221062,0.43149259999999995,-9.924329799999999,0.3530394
2022-04-28 02:36:02.221062,0.43149259999999995,-9.924329799999999,0.3530394
2022-04-28 02:36:02.221062,0.43149259999999995,-9.924329799999999,0.3138128
2022-04-28 02:36:02.221062,0.43149259999999995,-9.924329799999999,0.3530394
2022-04-28 02:36:02.221062,0.4707192,-9.9635564,0.2745862
2022-04-28 02:36:02.221062,0.4707192,-9.924329799999999,0.3530394
2022-04-28 02:36:02.221062,0.392266,-9.8851032,0.3138128
2022-04-28 02:36:02.221062,0.4707192,-9.924329799999999,0.3138128
2022-04-28 02:36:02.221062,0.43149259999999995,-9.924329799999999,0.3530394
2022-04-28 02:36:02.221062,0.4707192,-9.924329799999999,0.3138128
2022-04-28 02:36:02.221062,0.43149259999999995,-9.924329799999999,0.392266
2022-04-28 02:36:02.221062,0.392266,-9.924329799999999,0.3530394
2022-04-28 02:36:02.221062,0.43149259999999995,-9.924329799999999,0.3138128
2022-04-28 02:36:02.221062,0.4707192,-9.924329799999999,0.392266
2022-04-28 02:36:02.221062,0.392266,-9.924329799999999,0.3530394
2022-04-28 02:36:02.221062,0.392266,-9.924329799999999,0.3530394
2022-04-28 02:36:02.221062,0.4707192,-9.924329799999999,0.3530394
2022-04-28 02:36:02.221062,0.4707192,-9.9635564,0.2745862
2022-04-28 02:36:02.221062,0.43149259999999995,-9.924329799999999,0.3530394
2022-04-28 02:36:02.221062,0.43149259999999995,-9.924329799999999,0.3530394
2022-04-28 02:36:02.221062,0.4707192,-9.9635564,0.392266
2022-04-28 02:36:02.221062,0.43149259999999995,-9.924329799999999,0.392266
2022-04-28 02:36:02.221062,0.4707192,-9.9635564,0.3138128
2022-04-28 02:36:02.221062,0.4707192,-9.924329799999999,0.3530394
2022-04-28 02:36:02.221062,0.43149259999999995,-9.924329799999999,0.392266
2022-04-28 02:36:02.221062,0.43149259999999995,-9.924329799999999,0.3530394
2022-04-28 02:36:02.221062,0.43149259999999995,-9.924329799999999,0.3138128
2022-04-28 02:36:02.221062,0.4707192,-9.924329799999999,0.3530394
2022-04-28 02:36:02.221062,0.43149259999999995,-9.924329799999999,0.3530394
2022-04-28 02:36:02.221062,0.43149259999999995,-9.924329799999999,0.3530394
2022-04-28 02:36:02.221062,0.4707192,-9.924329799999999,0.3530394
2022-04-28 02:36:02.221062,0.43149259999999995,-9.924329799999999,0.3530394
2022-04-28 02:36:02.221062,0.4707192,-9.8851032,0.392266
2022-04-28 02:36:02.221062,0.43149259999999995,-9.9635564,0.3530394
2022-04-28 02:36:02.221062,0.43149259999999995,-9.924329799999999,0.2745862
2022-04-28 02:36:02.221062,0.4707192,-9.9635564,0.3530394
2022-04-28 02:36:02.221062,0.392266,-9.924329799999999,0.3138128
2022-04-28 02:36:02.221062,0.4707192,-9.9635564,0.3138128
2022-04-28 02:36:02.221062,0.43149259999999995,-9.9635564,0.3530394
2022-04-28 02:36:02.221062,0.43149259999999995,-9.9635564,0.3138128
2022-04-28 02:36:02.221062,0.4707192,-9.924329799999999,0.2745862
2022-04-28 02:36:02.221062,0.43149259999999995,-9.9635564,0.43149259999999995
2022-04-28 02:36:02.221062,0.4707192,-9.9635564,0.3530394
2022-04-28 02:36:02.221062,0.43149259999999995,-9.924329799999999,0.392266
2022-04-28 02:36:02.221062,0.4707192,-9.924329799999999,0.3138128
2022-04-28 02:36:02.221062,0.392266,-9.924329799999999,0.392266
2022-04-28 02:36:02.221062,0.43149259999999995,-9.924329799999999,0.3138128
2022-04-28 02:36:02.221062,0.4707192,-9.9635564,0.3530394
2022-04-28 02:36:02.221062,0.43149259999999995,-9.924329799999999,0.3138128
2022-04-28 02:36:02.221062,0.5099458,-9.9635564,0.3138128
2022-04-28 02:36:02.221062,0.392266,-9.8851032,0.2745862
2022-04-28 02:36:02.221062,0.4707192,-9.924329799999999,0.3530394
2022-04-28 02:36:02.221062,0.43149259999999995,-9.924329799999999,0.3530394
2022-04-28 02:36:02.221062,0.43149259999999995,-9.924329799999999,0.3138128
2022-04-28 02:36:02.221062,0.43149259999999995,-9.924329799999999,0.3530394
2022-04-28 02:36:02.221062,0.392266,-9.924329799999999,0.3530394
2022-04-28 02:36:02.221062,0.43149259999999995,-9.8851032,0.3138128
2022-04-28 02:36:02.221062,0.43149259999999995,-9.924329799999999,0.3530394
2022-04-28 02:36:02.221062,0.43149259999999995,-9.8851032,0.392266
2022-04-28 02:36:02.221062,0.43149259999999995,-9.9635564,0.3138128
2022-04-28 02:36:02.221062,0.43149259999999995,-9.8851032,0.3138128
2022-04-28 02:36:02.221062,0.4707192,-9.924329799999999,0.3530394
2022-04-28 02:36:02.221062,0.43149259999999995,-9.8851032,0.2745862
2022-04-28 02:36:02.221062,0.43149259999999995,-9.924329799999999,0.3530394
2022-04-28 02:36:02.221062,0.4707192,-9.924329799999999,0.3138128
2022-04-28 02:36:02.221062,0.43149259999999995,-9.9635564,0.3530394
2022-04-28 02:36:02.221062,0.43149259999999995,-9.924329799999999,0.3530394
2022-04-28 02:36:02.221062,0.43149259999999995,-9.924329799999999,0.392266
2022-04-28 02:36:02.221062,0.392266,-9.8851032,0.3530394
2022-04-28 02:36:02.221062,0.43149259999999995,-9.924329799999999,0.392266
2022-04-28 02:36:02.221062,0.392266,-9.924329799999999,0.3530394
2022-04-28 02:36:02.221062,0.392266,-9.924329799999999,0.392266
2022-04-28 02:36:02.221062,0.43149259999999995,-9.8851032,0.392266
2022-04-28 02:36:02.221062,0.392266,-9.8851032,0.2745862
2022-04-28 02:36:02.221062,0.43149259999999995,-9.9635564,0.3530394
2022-04-28 02:36:02.221062,0.43149259999999995,-9.8851032,0.3530394
2022-04-28 02:36:02.221062,0.4707192,-9.9635564,0.3138128
2022-04-28 02:36:02.221062,0.43149259999999995,-9.8851032,0.3138128
2022-04-28 02:36:02.221062,0.43149259999999995,-9.924329799999999,0.3530394
2022-04-28 02:36:02.221062,0.43149259999999995,-9.924329799999999,0.3138128
2022-04-28 02:36:02.221062,0.4707192,-9.924329799999999,0.3530394
2022-04-28 02:36:02.221062,0.43149259999999995,-9.924329799999999,0.3530394
2022-04-28 02:36:02.221062,0.392266,-9.924329799999999,0.3138128
2022-04-28 02:36:02.221062,0.4707192,-9.8851032,0.3530394
2022-04-28 02:36:02.221062,0.4707192,-9.9635564,0.392266
2022-04-28 02:36:02.221062,0.392266,-9.8851032,0.3138128
2022-04-28 02:36:02.221062,0.392266,-9.8851032,0.3530394
2022-04-28 02:36:02.221062,0.43149259999999995,-9.924329799999999,0.3530394
2022-04-28 02:36:02.221062,0.4707192,-9.9635564,0.3138128
2022-04-28 02:36:02.221062,0.43149259999999995,-9.924329799999999,0.3530394
2022-04-28 02:36:02.221062,0.43149259999999995,-9.924329799999999,0.3138128
2022-04-28 02:36:02.221062,0.43149259999999995,-9.9635564,0.3530394
2022-04-28 02:36:02.221062,0.43149259999999995,-9.924329799999999,0.392266
2022-04-28 02:36:02.221062,0.43149259999999995,-9.924329799999999,0.3530394
2022-04-28 02:36:02.221062,0.43149259999999995,-9.924329799999999,0.3138128
2022-04-28 02:36:02.221062,0.43149259999999995,-9.924329799999999,0.3138128
2022-04-28 02:36:02.221062,0.4707192,-9.9635564,0.3530394
2022-04-28 02:36:02.221062,0.43149259999999995,-9.924329799999999,0.3138128
2022-04-28 02:36:02.221062,0.392266,-9.8851032,0.3530394
2022-04-28 02:36:02.221062,0.43149259999999995,-9.9635564,0.3530394
2022-04-28 02:36:02.221062,0.392266,-9.8851032,0.3138128
2022-04-28 02:36:02.221062,0.4707192,-9.924329799999999,0.3138128
2022-04-28 02:36:02.221062,0.43149259999999995,-9.924329799999999,0.3530394
2022-04-28 02:36:02.221062,0.43149259999999995,-9.924329799999999,0.392266
2022-04-28 02:36:02.221062,0.43149259999999995,-9.924329799999999,0.392266
2022-04-28 02:36:02.221062,0.43149259999999995,-9.924329799999999,0.3530394
2022-04-28 02:36:02.221062,0.4707192,-9.9635564,0.3138128
2022-04-28 02:36:02.221062,0.43149259999999995,-9.924329799999999,0.43149259999999995
2022-04-28 02:36:02.221062,0.43149259999999995,-9.8851032,0.3530394
2022-04-28 02:36:02.221062,0.43149259999999995,-9.924329799999999,0.3138128
2022-04-28 02:36:02.221062,0.392266,-9.924329799999999,0.43149259999999995
2022-04-28 02:36:02.221062,0.4707192,-9.924329799999999,0.3530394
2022-04-28 02:36:02.221062,0.43149259999999995,-9.924329799999999,0.3530394
2022-04-28 02:36:02.221062,0.43149259999999995,-9.9635564,0.3530394
2022-04-28 02:36:02.221062,0.4707192,-9.9635564,0.392266
2022-04-28 02:36:02.221062,0.43149259999999995,-9.8851032,0.3138128
2022-04-28 02:36:02.221062,0.43149259999999995,-9.8851032,0.3530394
2022-04-28 02:36:02.221062,0.43149259999999995,-9.924329799999999,0.3530394
2022-04-28 02:36:02.221062,0.392266,-9.8851032,0.3138128
2022-04-28 02:36:02.221062,0.43149259999999995,-9.924329799999999,0.392266
2022-04-28 02:36:02.221062,0.43149259999999995,-9.924329799999999,0.3530394
2022-04-28 02:36:02.221062,0.43149259999999995,-9.8851032,0.3530394
2022-04-28 02:36:02.221062,0.4707192,-9.9635564,0.3530394
2022-04-28 02:36:02.221062,0.4707192,-9.924329799999999,0.3530394
2022-04-28 02:36:02.221062,0.43149259999999995,-9.924329799999999,0.3530394
2022-04-28 02:36:02.221062,0.43149259999999995,-9.924329799999999,0.3530394
2022-04-28 02:36:02.221062,0.4707192,-9.924329799999999,0.3138128
2022-04-28 02:36:02.221062,0.392266,-9.924329799999999,0.392266
2022-04-28 02:36:02.221062,0.43149259999999995,-9.8851032,0.3530394
2022-04-28 02:36:02.221062,0.4707192,-9.9635564,0.2745862
2022-04-28 02:36:02.221062,0.43149259999999995,-9.924329799999999,0.3530394
2022-04-28 02:36:02.221062,0.43149259999999995,-9.8851032,0.3138128
2022-04-28 02:36:02.221062,0.43149259999999995,-9.924329799999999,0.3530394
2022-04-28 02:36:02.221062,0.43149259999999995,-9.924329799999999,0.3530394
2022-04-28 02:36:02.221062,0.43149259999999995,-9.924329799999999,0.2745862
2022-04-28 02:36:02.221062,0.43149259999999995,-9.924329799999999,0.3530394
2022-04-28 02:36:02.221062,0.43149259999999995,-9.924329799999999,0.3530394
2022-04-28 02:36:02.221062,0.43149259999999995,-9.924329799999999,0.392266
2022-04-28 02:36:02.221062,0.4707192,-9.924329799999999,0.3530394
2022-04-28 02:36:02.221062,0.43149259999999995,-9.8851032,0.43149259999999995
2022-04-28 02:36:02.221062,0.4707192,-9.924329799999999,0.392266
2022-04-28 02:36:02.221062,0.392266,-9.924329799999999,0.392266
2022-04-28 02:36:02.221062,0.43149259999999995,-9.8851032,0.3530394
2022-04-28 02:36:02.221062,0.43149259999999995,-9.8851032,0.3530394
2022-04-28 02:36:02.221062,0.43149259999999995,-9.924329799999999,0.392266
2022-04-28 02:36:02.221062,0.43149259999999995,-9.924329799999999,0.3530394
2022-04-28 02:36:02.221062,0.43149259999999995,-9.9635564,0.392266
2022-04-28 02:36:02.221062,0.43149259999999995,-9.924329799999999,0.3138128
2022-04-28 02:36:02.221062,0.43149259999999995,-9.9635564,0.3138128
2022-04-28 02:36:02.221062,0.43149259999999995,-9.924329799999999,0.392266
2022-04-28 02:36:02.221062,0.43149259999999995,-9.924329799999999,0.3530394
2022-04-28 02:36:02.221062,0.4707192,-9.9635564,0.3530394
2022-04-28 02:36:02.221062,0.43149259999999995,-9.9635564,0.3138128
2022-04-28 02:36:02.221062,0.43149259999999995,-9.924329799999999,0.3138128
2022-04-28 02:36:02.221062,0.392266,-9.8851032,0.3530394
2022-04-28 02:36:02.221062,0.43149259999999995,-9.924329799999999,0.392266
2022-04-28 02:36:02.221062,0.4707192,-9.924329799999999,0.3530394
2022-04-28 02:36:02.221062,0.43149259999999995,-9.924329799999999,0.392266
2022-04-28 02:36:02.221062,0.4707192,-9.9635564,0.392266
2022-04-28 02:36:02.221062,0.4707192,-9.924329799999999,0.3138128
2022-04-28 02:36:02.221062,0.4707192,-9.9635564,0.3530394
2022-04-28 02:36:02.221062,0.4707192,-9.9635564,0.3530394
2022-04-28 02:36:02.221062,0.43149259999999995,-9.9635564,0.3530394
2022-04-28 02:36:02.221062,0.4707192,-9.924329799999999,0.2745862
2022-04-28 02:36:02.221062,0.392266,-9.924329799999999,0.392266
2022-04-28 02:36:02.221062,0.4707192,-9.8851032,0.3530394
2022-04-28 02:36:02.221062,0.4707192,-9.924329799999999,0.3530394
2022-04-28 02:36:02.221062,0.43149259999999995,-9.924329799999999,0.392266
2022-04-28 02:36:02.221062,0.43149259999999995,-9.8851032,0.3138128
2022-04-28 02:36:02.221062,0.43149259999999995,-9.924329799999999,0.392266
2022-04-28 02:36:02.221062,0.43149259999999995,-9.924329799999999,0.3530394
2022-04-28 02:36:02.221062,0.4707192,-9.924329799999999,0.392266
2022-04-28 02:36:02.221062,0.43149259999999995,-9.924329799999999,0.3530394
2022-04-28 02:36:02.221062,0.43149259999999995,-9.924329799999999,0.3138128
2022-04-28 02:36:02.221062,0.43149259999999995,-9.9635564,0.3530394
2022-04-28 02:36:02.221062,0.43149259999999995,-9.924329799999999,0.3138128
2022-04-28 02:36:02.221062,0.4707192,-9.924329799999999,0.3530394
2022-04-28 02:36:02.221062,0.4707192,-9.924329799999999,0.392266
2022-04-28 02:36:02.221062,0.43149259999999995,-9.9635564,0.3138128
2022-04-28 02:36:02.221062,0.43149259999999995,-9.9635564,0.3530394
2022-04-28 02:36:02.221062,0.43149259999999995,-9.924329799999999,0.3530394
2022-04-28 02:36:02.221062,0.43149259999999995,-9.924329799999999,0.3138128
2022-04-28 02:36:02.221062,0.43149259999999995,-9.924329799999999,0.392266
2022-04-28 02:36:02.221062,0.43149259999999995,-9.9635564,0.3138128
2022-04-28 02:36:02.221062,0.43149259999999995,-9.924329799999999,0.3138128
2022-04-28 02:36:02.221062,0.43149259999999995,-9.9635564,0.3530394
2022-04-28 02:36:02.221062,0.43149259999999995,-9.924329799999999,0.3138128
2022-04-28 02:36:02.221062,0.43149259999999995,-9.8851032,0.3138128
2022-04-28 02:36:02.221062,0.43149259999999995,-9.924329799999999,0.3530394
2022-04-28 02:36:02.221062,0.43149259999999995,-9.8851032,0.3530394
2022-04-28 02:36:02.221062,0.43149259999999995,-9.924329799999999,0.3138128
2022-04-28 02:36:02.221062,0.4707192,-9.9635564,0.392266
2022-04-28 02:36:02.221062,0.43149259999999995,-9.924329799999999,0.392266
2022-04-28 02:36:02.221062,0.4707192,-9.9635564,0.392266
2022-04-28 02:36:02.221062,0.43149259999999995,-9.924329799999999,0.43149259999999995
2022-04-28 02:36:02.221062,0.392266,-9.924329799999999,0.3138128
2022-04-28 02:36:02.221062,0.43149259999999995,-9.9635564,0.392266
2022-04-28 02:36:02.221062,0.43149259999999995,-9.924329799999999,0.392266
2022-04-28 02:36:02.221062,0.43149259999999995,-9.9635564,0.3530394
2022-04-28 02:36:02.221062,0.43149259999999995,-9.8851032,0.392266
2022-04-28 02:36:02.221062,0.43149259999999995,-9.924329799999999,0.3138128
2022-04-28 02:36:02.221062,0.43149259999999995,-9.924329799999999,0.43149259999999995
2022-04-28 02:36:02.221062,0.43149259999999995,-9.924329799999999,0.3530394
2022-04-28 02:36:02.221062,0.43149259999999995,-9.9635564,0.3530394
2022-04-28 02:36:02.221062,0.43149259999999995,-9.924329799999999,0.3530394
2022-04-28 02:36:02.221062,0.43149259999999995,-9.924329799999999,0.43149259999999995
2022-04-28 02:36:02.221062,0.4707192,-9.924329799999999,0.2745862
2022-04-28 02:36:02.221062,0.43149259999999995,-9.924329799999999,0.3530394
2022-04-28 02:36:02.221062,0.43149259999999995,-9.8851032,0.3138128
2022-04-28 02:36:02.221062,0.4707192,-9.9635564,0.3138128
2022-04-28 02:36:02.221062,0.43149259999999995,-9.924329799999999,0.3530394
2022-04-28 02:36:02.221062,0.4707192,-9.924329799999999,0.3530394
2022-04-28 02:36:02.221062,0.43149259999999995,-9.924329799999999,0.3530394
2022-04-28 02:36:02.221062,0.43149259999999995,-9.924329799999999,0.3138128
2022-04-28 02:36:02.221062,0.43149259999999995,-9.924329799999999,0.3138128
2022-04-28 02:36:02.221062,0.43149259999999995,-9.8851032,0.43149259999999995
2022-04-28 02:36:02.221062,0.4707192,-9.924329799999999,0.3138128
2022-04-28 02:36:02.221062,0.43149259999999995,-9.924329799999999,0.3530394
2022-04-28 02:36:02.221062,0.4707192,-9.924329799999999,0.3530394
2022-04-28 02:36:02.221062,0.43149259999999995,-9.924329799999999,0.392266
2022-04-28 02:36:02.221062,0.43149259999999995,-9.924329799999999,0.3530394
2022-04-28 02:36:02.221062,0.43149259999999995,-9.9635564,0.392266
2022-04-28 02:36:02.221062,0.43149259999999995,-9.924329799999999,0.3530394
2022-04-28 02:36:02.221062,0.43149259999999995,-9.8851032,0.3138128
2022-04-28 02:36:02.221062,0.43149259999999995,-9.924329799999999,0.3138128
2022-04-28 02:36:02.221062,0.43149259999999995,-9.924329799999999,0.3138128
2022-04-28 02:36:02.221062,0.4707192,-9.9635564,0.3530394
2022-04-28 02:36:02.221062,0.4707192,-9.9635564,0.392266
2022-04-28 02:36:02.221062,0.4707192,-9.924329799999999,0.3530394
2022-04-28 02:36:02.221062,0.4707192,-9.9635564,0.3530394
2022-04-28 02:36:02.221062,0.43149259999999995,-9.924329799999999,0.3530394
2022-04-28 02:36:02.221062,0.4707192,-9.924329799999999,0.3530394
2022-04-28 02:36:02.221062,0.4707192,-9.924329799999999,0.2745862
2022-04-28 02:36:02.221062,0.43149259999999995,-9.8851032,0.3138128
2022-04-28 02:36:02.221062,0.43149259999999995,-9.9635564,0.3530394
2022-04-28 02:36:02.221062,0.4707192,-9.924329799999999,0.3530394
2022-04-28 02:36:02.221062,0.43149259999999995,-9.9635564,0.3530394
2022-04-28 02:36:02.221062,0.392266,-9.924329799999999,0.392266
2022-04-28 02:36:02.221062,0.43149259999999995,-9.8851032,0.3530394
2022-04-28 02:36:02.221062,0.4707192,-9.924329799999999,0.3138128
2022-04-28 02:36:02.221062,0.4707192,-9.8851032,0.3530394
2022-04-28 02:36:02.221062,0.43149259999999995,-9.9635564,0.3530394
2022-04-28 02:36:02.221062,0.4707192,-9.924329799999999,0.3530394
2022-04-28 02:36:02.221062,0.43149259999999995,-9.924329799999999,0.392266
2022-04-28 02:36:02.221062,0.43149259999999995,-9.8851032,0.43149259999999995
2022-04-28 02:36:02.221062,0.43149259999999995,-9.924329799999999,0.3138128
2022-04-28 02:36:02.221062,0.4707192,-9.924329799999999,0.2745862
2022-04-28 02:36:02.221062,0.43149259999999995,-9.924329799999999,0.3530394
2022-04-28 02:36:02.221062,0.4707192,-9.924329799999999,0.3530394
2022-04-28 02:36:02.221062,0.43149259999999995,-9.9635564,0.3138128
2022-04-28 02:36:02.221062,0.392266,-9.924329799999999,0.392266
2022-04-28 02:36:02.221062,0.43149259999999995,-9.924329799999999,0.2745862
2022-04-28 02:36:02.221062,0.4707192,-9.924329799999999,0.3138128
2022-04-28 02:36:02.221062,0.43149259999999995,-9.924329799999999,0.3138128
2022-04-28 02:36:02.221062,0.4707192,-9.924329799999999,0.3530394
2022-04-28 02:36:02.221062,0.43149259999999995,-9.924329799999999,0.392266
2022-04-28 02:36:02.221062,0.4707192,-9.8851032,0.3530394
2022-04-28 02:36:02.221062,0.392266,-9.924329799999999,0.3138128
2022-04-28 02:36:02.221062,0.43149259999999995,-9.9635564,0.3530394
2022-04-28 02:36:02.221062,0.4707192,-9.9635564,0.3530394
2022-04-28 02:36:02.221062,0.4707192,-9.924329799999999,0.3138128
2022-04-28 02:36:02.221062,0.4707192,-9.924329799999999,0.3530394
2022-04-28 02:36:02.221062,0.43149259999999995,-9.924329799999999,0.392266
2022-04-28 02:36:02.221062,0.43149259999999995,-9.924329799999999,0.3530394
2022-04-28 02:36:02.221062,0.43149259999999995,-9.924329799999999,0.392266
2022-04-28 02:36:02.221062,0.4707192,-9.9635564,0.3530394
2022-04-28 02:36:02.221062,0.4707192,-9.924329799999999,0.3530394
2022-04-28 02:36:02.221062,0.43149259999999995,-9.924329799999999,0.392266
2022-04-28 02:36:02.221062,0.4707192,-9.924329799999999,0.392266
2022-04-28 02:36:02.221062,0.43149259999999995,-9.9635564,0.392266
2022-04-28 02:36:02.221062,0.43149259999999995,-9.924329799999999,0.3530394
2022-04-28 02:36:02.221062,0.4707192,-9.924329799999999,0.3530394
2022-04-28 02:36:02.221062,0.43149259999999995,-9.924329799999999,0.43149259999999995
2022-04-28 02:36:02.221062,0.43149259999999995,-9.9635564,0.392266
2022-04-28 02:36:02.221062,0.4707192,-9.8851032,0.2745862
2022-04-28 02:36:02.221062,0.4707192,-9.924329799999999,0.3530394
2022-04-28 02:36:02.221062,0.43149259999999995,-9.9635564,0.3530394
2022-04-28 02:36:02.221062,0.43149259999999995,-9.924329799999999,0.3138128
2022-04-28 02:36:02.221062,0.43149259999999995,-9.924329799999999,0.3530394
2022-04-28 02:36:02.221062,0.43149259999999995,-9.924329799999999,0.3530394
2022-04-28 02:36:02.221062,0.43149259999999995,-9.8851032,0.3530394
2022-04-28 02:36:02.221062,0.4707192,-9.924329799999999,0.3530394
2022-04-28 02:36:02.221062,0.4707192,-9.924329799999999,0.3138128
2022-04-28 02:36:02.221062,0.43149259999999995,-9.9635564,0.3530394
2022-04-28 02:36:02.221062,0.43149259999999995,-9.924329799999999,0.392266
2022-04-28 02:36:02.221062,0.43149259999999995,-9.9635564,0.3530394
2022-04-28 02:36:02.221062,0.43149259999999995,-9.924329799999999,0.3530394
2022-04-28 02:36:02.221062,0.4707192,-9.924329799999999,0.3530394
2022-04-28 02:36:02.221062,0.43149259999999995,-9.9635564,0.3530394
2022-04-28 02:36:02.221062,0.4707192,-9.9635564,0.3138128
2022-04-28 02:36:02.221062,0.43149259999999995,-9.9635564,0.3530394
2022-04-28 02:36:02.221062,0.4707192,-9.924329799999999,0.3138128
2022-04-28 02:36:02.221062,0.4707192,-9.924329799999999,0.3138128
2022-04-28 02:36:02.221062,0.43149259999999995,-9.8851032,0.3530394
2022-04-28 02:36:02.221062,0.43149259999999995,-9.9635564,0.3530394
2022-04-28 02:36:02.221062,0.43149259999999995,-9.924329799999999,0.3530394
2022-04-28 02:36:02.221062,0.43149259999999995,-9.9635564,0.392266
2022-04-28 02:36:02.221062,0.392266,-9.924329799999999,0.3530394
2022-04-28 02:36:02.221062,0.392266,-9.924329799999999,0.3138128
2022-04-28 02:36:02.221062,0.4707192,-9.924329799999999,0.3138128
2022-04-28 02:36:02.221062,0.43149259999999995,-9.924329799999999,0.3138128
2022-04-28 02:36:02.221062,0.43149259999999995,-9.924329799999999,0.392266
2022-04-28 02:36:02.221062,0.43149259999999995,-9.924329799999999,0.392266
2022-04-28 02:36:02.221062,0.43149259999999995,-9.924329799999999,0.3530394
2022-04-28 02:36:02.221062,0.4707192,-9.924329799999999,0.3530394
2022-04-28 02:36:02.221062,0.43149259999999995,-9.924329799999999,0.3530394
2022-04-28 02:36:02.221062,0.3530394,-9.924329799999999,0.3530394
2022-04-28 02:36:02.221062,0.43149259999999995,-9.8851032,0.3530394
2022-04-28 02:36:02.221062,0.43149259999999995,-9.9635564,0.3530394
2022-04-28 02:36:02.221062,0.4707192,-9.9635564,0.392266
2022-04-28 02:36:02.221062,0.43149259999999995,-9.8851032,0.3530394
2022-04-28 02:36:02.221062,0.43149259999999995,-9.924329799999999,0.392266
2022-04-28 02:36:02.221062,0.43149259999999995,-9.924329799999999,0.3138128
2022-04-28 02:36:02.221062,0.4707192,-9.924329799999999,0.3138128
2022-04-28 02:36:02.221062,0.43149259999999995,-9.9635564,0.3138128
2022-04-28 02:36:02.221062,0.43149259999999995,-9.924329799999999,0.3530394
2022-04-28 02:36:02.221062,0.43149259999999995,-9.924329799999999,0.3138128
2022-04-28 02:36:02.221062,0.43149259999999995,-9.924329799999999,0.392266
2022-04-28 02:36:02.221062,0.43149259999999995,-9.924329799999999,0.3530394
2022-04-28 02:36:02.221062,0.4707192,-9.9635564,0.3530394
2022-04-28 02:36:02.221062,0.43149259999999995,-9.9635564,0.392266
2022-04-28 02:36:02.221062,0.43149259999999995,-9.924329799999999,0.3138128
2022-04-28 02:36:02.221062,0.43149259999999995,-9.924329799999999,0.3530394
2022-04-28 02:36:02.221062,0.43149259999999995,-9.924329799999999,0.3530394
2022-04-28 02:36:02.221062,0.4707192,-9.924329799999999,0.392266
2022-04-28 02:36:02.221062,0.43149259999999995,-9.8851032,0.3138128
2022-04-28 02:36:02.221062,0.4707192,-9.924329799999999,0.3530394
2022-04-28 02:36:02.221062,0.4707192,-9.924329799999999,0.2745862
2022-04-28 02:36:02.221062,0.43149259999999995,-9.9635564,0.3530394
2022-04-28 02:36:02.221062,0.4707192,-9.924329799999999,0.3530394
2022-04-28 02:36:02.221062,0.43149259999999995,-9.924329799999999,0.3530394
2022-04-28 02:36:02.221062,0.4707192,-9.924329799999999,0.3138128
2022-04-28 02:36:02.221062,0.392266,-9.924329799999999,0.3530394
2022-04-28 02:36:02.221062,0.43149259999999995,-9.924329799999999,0.3530394
2022-04-28 02:36:02.221062,0.4707192,-9.9635564,0.392266
2022-04-28 02:36:02.221062,0.43149259999999995,-9.924329799999999,0.3138128
2022-04-28 02:36:02.221062,0.4707192,-9.924329799999999,0.3530394
2022-04-28 02:36:02.221062,0.392266,-9.8851032,0.3138128
2022-04-28 02:36:02.221062,0.43149259999999995,-9.9635564,0.392266
2022-04-28 02:36:02.221062,0.4707192,-9.924329799999999,0.3138128
2022-04-28 02:36:02.221062,0.392266,-9.924329799999999,0.3530394
2022-04-28 02:36:02.221062,0.5099458,-9.924329799999999,0.3530394
2022-04-28 02:36:02.221062,0.4707192,-9.924329799999999,0.3530394
2022-04-28 02:36:02.221062,0.4707192,-9.9635564,0.392266
2022-04-28 02:36:02.221062,0.43149259999999995,-9.924329799999999,0.3530394
2022-04-28 02:36:02.221062,0.4707192,-9.9635564,0.3530394
2022-04-28 02:36:02.221062,0.43149259999999995,-9.8851032,0.43149259999999995
2022-04-28 02:36:02.221062,0.43149259999999995,-9.924329799999999,0.3530394
2022-04-28 02:36:02.221062,0.4707192,-9.9635564,0.3530394
2022-04-28 02:36:02.221062,0.4707192,-9.8851032,0.3530394
2022-04-28 02:36:02.221062,0.4707192,-9.9635564,0.3138128
2022-04-28 02:36:02.221062,0.43149259999999995,-9.9635564,0.3530394
2022-04-28 02:36:02.221062,0.392266,-9.924329799999999,0.392266
2022-04-28 02:36:02.221062,0.4707192,-9.9635564,0.3530394
2022-04-28 02:36:02.221062,0.43149259999999995,-9.924329799999999,0.3530394
2022-04-28 02:36:02.221062,0.4707192,-9.924329799999999,0.392266
2022-04-28 02:36:02.221062,0.43149259999999995,-9.924329799999999,0.3138128
2022-04-28 02:36:02.221062,0.4707192,-9.924329799999999,0.3530394
2022-04-28 02:36:02.221062,0.4707192,-9.924329799999999,0.3530394
2022-04-28 02:36:02.221062,0.43149259999999995,-9.924329799999999,0.3530394
2022-04-28 02:36:02.221062,0.43149259999999995,-9.8851032,0.3530394
2022-04-28 02:36:02.221062,0.4707192,-9.924329799999999,0.392266
2022-04-28 02:36:02.221062,0.43149259999999995,-9.8851032,0.3530394
2022-04-28 02:36:02.221062,0.43149259999999995,-9.924329799999999,0.3138128
2022-04-28 02:36:02.221062,0.43149259999999995,-9.924329799999999,0.3138128
2022-04-28 02:36:02.221062,0.4707192,-9.9635564,0.3138128
2022-04-28 02:36:02.221062,0.4707192,-9.924329799999999,0.3530394
2022-04-28 02:36:02.221062,0.43149259999999995,-9.8851032,0.3530394
2022-04-28 02:36:02.221062,0.43149259999999995,-9.924329799999999,0.3138128
2022-04-28 02:36:02.221062,0.43149259999999995,-9.924329799999999,0.392266
2022-04-28 02:36:02.221062,0.4707192,-9.924329799999999,0.3530394
2022-04-28 02:36:02.221062,0.4707192,-9.9635564,0.3530394
2022-04-28 02:36:02.221062,0.392266,-9.8851032,0.392266
2022-04-28 02:36:02.221062,0.4707192,-9.924329799999999,0.3530394
2022-04-28 02:36:02.221062,0.392266,-9.924329799999999,0.3138128
2022-04-28 02:36:02.221062,0.4707192,-9.9635564,0.3138128
2022-04-28 02:36:02.221062,0.4707192,-9.924329799999999,0.3530394
2022-04-28 02:36:02.221062,0.392266,-9.8851032,0.3530394
2022-04-28 02:36:02.221062,0.43149259999999995,-9.924329799999999,0.3530394
2022-04-28 02:36:02.221062,0.4707192,-9.9635564,0.3138128
2022-04-28 02:36:02.221062,0.4707192,-9.924329799999999,0.3530394
2022-04-28 02:36:02.221062,0.43149259999999995,-9.924329799999999,0.3530394
2022-04-28 02:36:02.221062,0.43149259999999995,-9.924329799999999,0.3138128
2022-04-28 02:36:02.221062,0.4707192,-9.924329799999999,0.3530394
2022-04-28 02:36:02.221062,0.43149259999999995,-9.924329799999999,0.3138128
2022-04-28 02:36:02.221062,0.43149259999999995,-9.924329799999999,0.3138128
2022-04-28 02:36:02.221062,0.43149259999999995,-9.924329799999999,0.3530394
2022-04-28 02:36:02.221062,0.43149259999999995,-9.924329799999999,0.3530394
2022-04-28 02:36:02.221062,0.43149259999999995,-9.924329799999999,0.392266
2022-04-28 02:36:02.221062,0.43149259999999995,-9.924329799999999,0.3530394
2022-04-28 02:36:02.221062,0.43149259999999995,-9.924329799999999,0.2745862
2022-04-28 02:36:02.221062,0.43149259999999995,-9.8851032,0.3138128
2022-04-28 02:36:02.221062,0.43149259999999995,-9.9635564,0.3530394
2022-04-28 02:36:02.221062,0.392266,-9.924329799999999,0.3530394
2022-04-28 02:36:02.221062,0.4707192,-9.924329799999999,0.3530394
2022-04-28 02:36:02.221062,0.43149259999999995,-9.8851032,0.3530394
2022-04-28 02:36:02.221062,0.43149259999999995,-9.924329799999999,0.3530394
2022-04-28 02:36:02.221062,0.43149259999999995,-9.924329799999999,0.2745862
2022-04-28 02:36:02.221062,0.43149259999999995,-9.8851032,0.392266
2022-04-28 02:36:02.221062,0.43149259999999995,-9.8851032,0.3138128
2022-04-28 02:36:02.221062,0.4707192,-9.9635564,0.3138128
2022-04-28 02:36:02.221062,0.4707192,-9.924329799999999,0.3138128
2022-04-28 02:36:02.221062,0.4707192,-9.924329799999999,0.3138128
2022-04-28 02:36:02.221062,0.43149259999999995,-9.924329799999999,0.3138128
2022-04-28 02:36:02.221062,0.43149259999999995,-9.8851032,0.392266
2022-04-28 02:36:02.221062,0.4707192,-9.924329799999999,0.3530394
2022-04-28 02:36:02.221062,0.43149259999999995,-9.8851032,0.392266
2022-04-28 02:36:02.221062,0.43149259999999995,-9.924329799999999,0.3530394
2022-04-28 02:36:02.221062,0.43149259999999995,-9.924329799999999,0.3530394
2022-04-28 02:36:02.221062,0.392266,-9.924329799999999,0.392266
2022-04-28 02:36:02.221062,0.43149259999999995,-9.9635564,0.3530394
2022-04-28 02:36:02.221062,0.43149259999999995,-9.924329799999999,0.3530394
2022-04-28 02:36:02.221062,0.4707192,-9.924329799999999,0.3530394
2022-04-28 02:36:02.221062,0.43149259999999995,-9.9635564,0.3530394
2022-04-28 02:36:02.221062,0.43149259999999995,-9.8851032,0.392266
2022-04-28 02:36:02.221062,0.43149259999999995,-9.9635564,0.3138128
2022-04-28 02:36:02.221062,0.43149259999999995,-9.924329799999999,0.43149259999999995
2022-04-28 02:36:02.221062,0.43149259999999995,-9.8851032,0.3138128
2022-04-28 02:36:02.221062,0.43149259999999995,-9.924329799999999,0.392266
2022-04-28 02:36:02.221062,0.43149259999999995,-9.9635564,0.3530394
2022-04-28 02:36:02.221062,0.43149259999999995,-9.924329799999999,0.3138128
2022-04-28 02:36:02.221062,0.43149259999999995,-9.9635564,0.3530394
2022-04-28 02:36:02.221062,0.43149259999999995,-9.924329799999999,0.3530394
2022-04-28 02:36:02.221062,0.4707192,-9.924329799999999,0.3138128
2022-04-28 02:36:02.221062,0.4707192,-9.924329799999999,0.3530394
2022-04-28 02:36:02.221062,0.43149259999999995,-9.924329799999999,0.3530394
2022-04-28 02:36:02.221062,0.43149259999999995,-9.8851032,0.3530394
2022-04-28 02:36:02.221062,0.4707192,-9.924329799999999,0.3138128
2022-04-28 02:36:02.221062,0.43149259999999995,-9.9635564,0.392266
2022-04-28 02:36:02.221062,0.392266,-9.845876599999999,0.3530394
2022-04-28 02:36:02.221062,0.43149259999999995,-9.8851032,0.3138128
2022-04-28 02:36:02.221062,0.43149259999999995,-9.924329799999999,0.3530394
2022-04-28 02:36:02.221062,0.43149259999999995,-9.924329799999999,0.3530394
2022-04-28 02:36:02.221062,0.43149259999999995,-9.8851032,0.392266
2022-04-28 02:36:02.221062,0.43149259999999995,-9.8851032,0.3138128
2022-04-28 02:36:02.221062,0.4707192,-9.924329799999999,0.392266
2022-04-28 02:36:02.221062,0.43149259999999995,-9.8851032,0.392266
2022-04-28 02:36:02.221062,0.43149259999999995,-9.924329799999999,0.2745862
2022-04-28 02:36:02.221062,0.4707192,-9.9635564,0.3530394
2022-04-28 02:36:02.221062,0.4707192,-9.9635564,0.3530394
2022-04-28 02:36:02.221062,0.43149259999999995,-9.924329799999999,0.3138128
2022-04-28 02:36:02.221062,0.4707192,-9.924329799999999,0.3530394
2022-04-28 02:36:02.221062,0.43149259999999995,-9.924329799999999,0.392266
2022-04-28 02:36:02.221062,0.4707192,-9.8851032,0.392266
2022-04-28 02:36:02.221062,0.43149259999999995,-9.9635564,0.3138128
2022-04-28 02:36:02.221062,0.43149259999999995,-9.924329799999999,0.3530394
2022-04-28 02:36:02.221062,0.4707192,-9.9635564,0.3530394
2022-04-28 02:36:02.221062,0.43149259999999995,-9.8851032,0.3530394
2022-04-28 02:36:02.221062,0.43149259999999995,-9.924329799999999,0.392266
2022-04-28 02:36:02.221062,0.43149259999999995,-9.924329799999999,0.3530394
2022-04-28 02:36:02.221062,0.43149259999999995,-9.924329799999999,0.3530394
2022-04-28 02:36:02.221062,0.4707192,-9.9635564,0.3530394
2022-04-28 02:36:02.221062,0.43149259999999995,-9.8851032,0.392266
2022-04-28 02:36:02.221062,0.43149259999999995,-9.924329799999999,0.392266
2022-04-28 02:36:02.221062,0.43149259999999995,-9.8851032,0.392266
2022-04-28 02:36:02.221062,0.43149259999999995,-9.924329799999999,0.392266
2022-04-28 02:36:02.221062,0.43149259999999995,-9.924329799999999,0.3530394
2022-04-28 02:36:02.221062,0.43149259999999995,-9.9635564,0.3530394
2022-04-28 02:36:02.221062,0.43149259999999995,-9.9635564,0.392266
2022-04-28 02:36:02.221062,0.43149259999999995,-9.924329799999999,0.3530394
2022-04-28 02:36:02.221062,0.392266,-9.924329799999999,0.3138128
2022-04-28 02:36:02.221062,0.43149259999999995,-9.924329799999999,0.2745862
2022-04-28 02:36:02.221062,0.43149259999999995,-9.9635564,0.3530394
2022-04-28 02:36:02.221062,0.4707192,-9.9635564,0.3138128
2022-04-28 02:36:02.221062,0.43149259999999995,-9.8851032,0.3138128
2022-04-28 02:36:02.221062,0.43149259999999995,-9.8851032,0.3530394
2022-04-28 02:36:02.221062,0.43149259999999995,-9.924329799999999,0.3138128
2022-04-28 02:36:02.221062,0.4707192,-9.924329799999999,0.392266
2022-04-28 02:36:02.221062,0.43149259999999995,-9.924329799999999,0.3530394
2022-04-28 02:36:02.221062,0.4707192,-9.924329799999999,0.3530394
2022-04-28 02:36:02.221062,0.43149259999999995,-9.924329799999999,0.3530394
2022-04-28 02:36:02.221062,0.43149259999999995,-9.924329799999999,0.3530394
2022-04-28 02:36:02.221062,0.392266,-9.8851032,0.3530394
2022-04-28 02:36:02.221062,0.4707192,-9.924329799999999,0.392266
2022-04-28 02:36:02.221062,0.43149259999999995,-9.9635564,0.3530394
2022-04-28 02:36:02.221062,0.4707192,-9.924329799999999,0.3530394
2022-04-28 02:36:02.221062,0.4707192,-9.9635564,0.3530394
2022-04-28 02:36:02.221062,0.43149259999999995,-9.9635564,0.3530394
2022-04-28 02:36:02.221062,0.43149259999999995,-9.924329799999999,0.3138128
2022-04-28 02:36:02.221062,0.4707192,-9.924329799999999,0.3530394
2022-04-28 02:36:02.221062,0.43149259999999995,-9.9635564,0.3138128
2022-04-28 02:36:02.221062,0.43149259999999995,-9.924329799999999,0.3530394
2022-04-28 02:36:02.221062,0.4707192,-9.924329799999999,0.3530394
2022-04-28 02:36:02.221062,0.43149259999999995,-9.9635564,0.3530394
2022-04-28 02:36:02.221062,0.43149259999999995,-9.8851032,0.3530394
2022-04-28 02:36:02.221062,0.43149259999999995,-9.924329799999999,0.3530394
2022-04-28 02:36:02.221062,0.43149259999999995,-9.924329799999999,0.3530394
2022-04-28 02:36:02.221062,0.4707192,-9.924329799999999,0.3530394
2022-04-28 02:36:02.221062,0.4707192,-9.924329799999999,0.3530394
2022-04-28 02:36:02.221062,0.392266,-9.924329799999999,0.3530394
2022-04-28 02:36:02.221062,0.4707192,-9.9635564,0.392266
2022-04-28 02:36:02.221062,0.4707192,-9.924329799999999,0.3530394
2022-04-28 02:36:02.221062,0.4707192,-9.8851032,0.43149259999999995
2022-04-28 02:36:02.221062,0.43149259999999995,-9.924329799999999,0.3530394
2022-04-28 02:36:02.221062,0.43149259999999995,-9.924329799999999,0.392266
2022-04-28 02:36:02.221062,0.43149259999999995,-9.8851032,0.392266
2022-04-28 02:36:02.221062,0.392266,-9.924329799999999,0.3530394
2022-04-28 02:36:02.221062,0.4707192,-9.924329799999999,0.3530394
2022-04-28 02:36:02.221062,0.392266,-9.8851032,0.3138128
2022-04-28 02:36:02.221062,0.4707192,-9.9635564,0.4707192
2022-04-28 02:36:02.221062,0.4707192,-9.924329799999999,0.3138128
2022-04-28 02:36:02.221062,0.43149259999999995,-9.924329799999999,0.3530394
2022-04-28 02:36:02.221062,0.392266,-9.924329799999999,0.392266
2022-04-28 02:36:02.221062,0.43149259999999995,-9.924329799999999,0.3530394
2022-04-28 02:36:02.221062,0.43149259999999995,-9.8851032,0.3530394
2022-04-28 02:36:02.221062,0.392266,-9.924329799999999,0.3138128
2022-04-28 02:36:02.221062,0.4707192,-9.9635564,0.3530394
2022-04-28 02:36:02.221062,0.4707192,-9.924329799999999,0.3530394
2022-04-28 02:36:02.221062,0.4707192,-9.8851032,0.3530394
2022-04-28 02:36:02.221062,0.4707192,-9.924329799999999,0.3530394
2022-04-28 02:36:02.221062,0.392266,-9.8851032,0.3138128
2022-04-28 02:36:02.221062,0.43149259999999995,-9.924329799999999,0.3530394
2022-04-28 02:36:02.221062,0.43149259999999995,-9.9635564,0.3530394
2022-04-28 02:36:02.221062,0.43149259999999995,-9.924329799999999,0.3138128
2022-04-28 02:36:02.221062,0.4707192,-9.9635564,0.3138128
2022-04-28 02:36:02.221062,0.4707192,-9.8851032,0.392266
2022-04-28 02:36:02.221062,0.43149259999999995,-9.924329799999999,0.3530394
2022-04-28 02:36:02.221062,0.43149259999999995,-9.924329799999999,0.392266
2022-04-28 02:36:02.221062,0.43149259999999995,-9.924329799999999,0.3530394
2022-04-28 02:36:02.221062,0.43149259999999995,-9.924329799999999,0.392266
2022-04-28 02:36:02.221062,0.43149259999999995,-9.924329799999999,0.3138128
2022-04-28 02:36:02.221062,0.43149259999999995,-9.924329799999999,0.3530394
2022-04-28 02:36:02.221062,0.43149259999999995,-9.924329799999999,0.392266
2022-04-28 02:36:02.221062,0.43149259999999995,-9.924329799999999,0.3530394
2022-04-28 02:36:02.221062,0.43149259999999995,-9.8851032,0.3138128
2022-04-28 02:36:02.221062,0.43149259999999995,-9.924329799999999,0.3138128
2022-04-28 02:36:02.221062,0.43149259999999995,-9.9635564,0.3530394
2022-04-28 02:36:02.221062,0.43149259999999995,-9.9635564,0.392266
2022-04-28 02:36:02.221062,0.43149259999999995,-9.9635564,0.3530394
2022-04-28 02:36:02.221062,0.43149259999999995,-9.8851032,0.43149259999999995
2022-04-28 02:36:02.221062,0.43149259999999995,-9.924329799999999,0.3530394
2022-04-28 02:36:02.221062,0.43149259999999995,-9.9635564,0.392266
2022-04-28 02:36:02.221062,0.43149259999999995,-9.924329799999999,0.3530394
2022-04-28 02:36:02.221062,0.392266,-9.924329799999999,0.3530394
2022-04-28 02:36:02.221062,0.43149259999999995,-9.924329799999999,0.392266
2022-04-28 02:36:02.221062,0.4707192,-9.924329799999999,0.3530394
2022-04-28 02:36:02.221062,0.43149259999999995,-9.8851032,0.3530394
2022-04-28 02:36:02.221062,0.43149259999999995,-9.924329799999999,0.3530394
2022-04-28 02:36:02.221062,0.43149259999999995,-9.8851032,0.3530394
2022-04-28 02:36:02.221062,0.5099458,-9.9635564,0.3530394
2022-04-28 02:36:02.221062,0.392266,-9.924329799999999,0.3530394
2022-04-28 02:36:02.221062,0.4707192,-9.924329799999999,0.3530394
2022-04-28 02:36:02.221062,0.43149259999999995,-9.924329799999999,0.3530394
2022-04-28 02:36:02.221062,0.43149259999999995,-9.9635564,0.3530394
2022-04-28 02:36:02.221062,0.43149259999999995,-9.8851032,0.392266
2022-04-28 02:36:02.221062,0.43149259999999995,-9.9635564,0.3138128
2022-04-28 02:36:02.221062,0.4707192,-9.924329799999999,0.3138128
2022-04-28 02:36:02.221062,0.43149259999999995,-9.8851032,0.3530394
2022-04-28 02:36:02.221062,0.43149259999999995,-9.924329799999999,0.3530394
2022-04-28 02:36:02.221062,0.392266,-9.8851032,0.2745862
2022-04-28 02:36:02.221062,0.43149259999999995,-9.924329799999999,0.3530394
2022-04-28 02:36:02.221062,0.43149259999999995,-9.924329799999999,0.3530394
2022-04-28 02:36:02.221062,0.43149259999999995,-9.924329799999999,0.3138128
2022-04-28 02:36:02.221062,0.43149259999999995,-9.924329799999999,0.392266
2022-04-28 02:36:02.221062,0.4707192,-9.9635564,0.3530394
2022-04-28 02:36:02.221062,0.4707192,-9.9635564,0.392266
2022-04-28 02:36:02.221062,0.4707192,-9.9635564,0.3530394
2022-04-28 02:36:02.221062,0.43149259999999995,-9.924329799999999,0.3530394
2022-04-28 02:36:02.221062,0.43149259999999995,-9.924329799999999,0.3530394
2022-04-28 02:36:02.221062,0.392266,-9.924329799999999,0.3530394
2022-04-28 02:36:02.221062,0.4707192,-9.9635564,0.43149259999999995
2022-04-28 02:36:02.221062,0.4707192,-9.9635564,0.3138128
2022-04-28 02:36:02.221062,0.43149259999999995,-9.924329799999999,0.3530394
2022-04-28 02:36:02.221062,0.4707192,-9.924329799999999,0.392266
2022-04-28 02:36:02.221062,0.43149259999999995,-9.924329799999999,0.392266
2022-04-28 02:36:02.221062,0.43149259999999995,-9.924329799999999,0.3530394
2022-04-28 02:36:02.221062,0.43149259999999995,-9.9635564,0.392266
2022-04-28 02:36:02.221062,0.392266,-9.8851032,0.3138128
2022-04-28 02:36:02.221062,0.43149259999999995,-9.8851032,0.392266
2022-04-28 02:36:02.221062,0.43149259999999995,-9.924329799999999,0.3138128
2022-04-28 02:36:02.221062,0.392266,-9.924329799999999,0.3530394
2022-04-28 02:36:02.221062,0.43149259999999995,-9.924329799999999,0.3138128
2022-04-28 02:36:02.221062,0.43149259999999995,-9.924329799999999,0.3138128
2022-04-28 02:36:02.221062,0.392266,-9.924329799999999,0.392266
2022-04-28 02:36:02.221062,0.43149259999999995,-9.924329799999999,0.3530394
2022-04-28 02:36:02.221062,0.43149259999999995,-9.8851032,0.392266
2022-04-28 02:36:02.221062,0.43149259999999995,-9.924329799999999,0.3530394
2022-04-28 02:36:02.221062,0.4707192,-9.924329799999999,0.3530394
2022-04-28 02:36:02.221062,0.4707192,-9.924329799999999,0.392266
2022-04-28 02:36:02.221062,0.4707192,-9.924329799999999,0.392266
2022-04-28 02:36:02.221062,0.4707192,-9.9635564,0.3530394
2022-04-28 02:36:02.221062,0.43149259999999995,-10.002782999999999,0.43149259999999995
2022-04-28 02:36:02.221062,0.43149259999999995,-9.9635564,0.392266
2022-04-28 02:36:02.221062,0.43149259999999995,-9.9635564,0.3530394
2022-04-28 02:36:02.221062,0.392266,-9.9635564,0.3530394
2022-04-28 02:36:02.221062,0.43149259999999995,-9.924329799999999,0.3138128
2022-04-28 02:36:02.221062,0.4707192,-9.924329799999999,0.3530394
2022-04-28 02:36:02.221062,0.43149259999999995,-9.924329799999999,0.3530394
2022-04-28 02:36:02.221062,0.43149259999999995,-9.924329799999999,0.392266
2022-04-28 02:36:02.221062,0.43149259999999995,-9.8851032,0.3530394
2022-04-28 02:36:02.221062,0.4707192,-9.924329799999999,0.3138128
2022-04-28 02:36:02.221062,0.43149259999999995,-9.924329799999999,0.3530394
2022-04-28 02:36:02.221062,0.43149259999999995,-9.924329799999999,0.3138128
2022-04-28 02:36:02.221062,0.4707192,-9.9635564,0.3138128
2022-04-28 02:36:02.221062,0.43149259999999995,-9.9635564,0.3138128
2022-04-28 02:36:02.221062,0.4707192,-9.924329799999999,0.3530394
2022-04-28 02:36:02.221062,0.43149259999999995,-9.845876599999999,0.392266
2022-04-28 02:36:02.221062,0.43149259999999995,-9.924329799999999,0.392266
2022-04-28 02:36:02.221062,0.43149259999999995,-9.9635564,0.3530394
2022-04-28 02:36:02.221062,0.43149259999999995,-9.924329799999999,0.392266
2022-04-28 02:36:02.221062,0.43149259999999995,-9.924329799999999,0.3530394
2022-04-28 02:36:02.221062,0.4707192,-9.9635564,0.3530394
2022-04-28 02:36:02.221062,0.43149259999999995,-9.924329799999999,0.3530394
2022-04-28 02:36:02.221062,0.4707192,-9.924329799999999,0.392266
2022-04-28 02:36:02.221062,0.4707192,-9.9635564,0.3138128
2022-04-28 02:36:02.221062,0.43149259999999995,-9.9635564,0.3530394
2022-04-28 02:36:02.221062,0.43149259999999995,-9.8851032,0.3530394
2022-04-28 02:36:02.221062,0.4707192,-9.924329799999999,0.3138128
2022-04-28 02:36:02.221062,0.4707192,-9.924329799999999,0.3530394
2022-04-28 02:36:02.221062,0.4707192,-9.924329799999999,0.43149259999999995
2022-04-28 02:36:02.221062,0.4707192,-9.924329799999999,0.3138128
2022-04-28 02:36:02.221062,0.392266,-9.924329799999999,0.3530394
2022-04-28 02:36:02.221062,0.43149259999999995,-9.924329799999999,0.392266
2022-04-28 02:36:02.221062,0.43149259999999995,-9.924329799999999,0.3138128
2022-04-28 02:36:02.221062,0.4707192,-9.8851032,0.392266
2022-04-28 02:36:02.221062,0.43149259999999995,-9.924329799999999,0.3530394
2022-04-28 02:36:02.221062,0.43149259999999995,-9.924329799999999,0.43149259999999995
2022-04-28 02:36:02.221062,0.43149259999999995,-9.9635564,0.3530394
2022-04-28 02:36:02.221062,0.4707192,-9.924329799999999,0.3138128
2022-04-28 02:36:02.221062,0.43149259999999995,-9.924329799999999,0.3530394
2022-04-28 02:36:02.221062,0.4707192,-9.924329799999999,0.392266
2022-04-28 02:36:02.221062,0.43149259999999995,-9.924329799999999,0.3530394
2022-04-28 02:36:02.221062,0.4707192,-9.924329799999999,0.3530394
2022-04-28 02:36:02.221062,0.43149259999999995,-9.924329799999999,0.392266
2022-04-28 02:36:02.221062,0.5099458,-9.924329799999999,0.3530394
2022-04-28 02:36:02.221062,0.43149259999999995,-9.924329799999999,0.3530394
2022-04-28 02:36:02.221062,0.43149259999999995,-9.924329799999999,0.392266
2022-04-28 02:36:02.221062,0.4707192,-9.924329799999999,0.3530394
2022-04-28 02:36:02.221062,0.43149259999999995,-9.8851032,0.392266
2022-04-28 02:36:02.221062,0.43149259999999995,-9.924329799999999,0.3530394
2022-04-28 02:36:02.221062,0.43149259999999995,-9.924329799999999,0.3530394
2022-04-28 02:36:02.221062,0.43149259999999995,-9.924329799999999,0.392266
2022-04-28 02:36:02.221062,0.43149259999999995,-9.924329799999999,0.3530394
2022-04-28 02:36:02.221062,0.43149259999999995,-9.9635564,0.3530394
2022-04-28 02:36:02.221062,0.43149259999999995,-9.924329799999999,0.3530394
2022-04-28 02:36:02.221062,0.392266,-9.8851032,0.43149259999999995
2022-04-28 02:36:02.221062,0.43149259999999995,-9.924329799999999,0.3138128
2022-04-28 02:36:02.221062,0.4707192,-9.924329799999999,0.3530394
2022-04-28 02:36:02.221062,0.43149259999999995,-9.9635564,0.392266
2022-04-28 02:36:02.221062,0.43149259999999995,-9.924329799999999,0.392266
2022-04-28 02:36:02.221062,0.4707192,-9.924329799999999,0.392266
2022-04-28 02:36:02.221062,0.43149259999999995,-9.924329799999999,0.392266
2022-04-28 02:36:02.221062,0.392266,-9.924329799999999,0.3530394
2022-04-28 02:36:02.221062,0.43149259999999995,-9.924329799999999,0.3530394
2022-04-28 02:36:02.221062,0.4707192,-9.9635564,0.3138128
2022-04-28 02:36:02.221062,0.4707192,-9.924329799999999,0.392266
2022-04-28 02:36:02.221062,0.43149259999999995,-9.924329799999999,0.3138128
2022-04-28 02:36:02.221062,0.392266,-9.924329799999999,0.3530394
2022-04-28 02:36:02.221062,0.392266,-9.8851032,0.43149259999999995
2022-04-28 02:36:02.221062,0.4707192,-9.924329799999999,0.3138128
2022-04-28 02:36:02.221062,0.43149259999999995,-9.924329799999999,0.392266
2022-04-28 02:36:02.221062,0.43149259999999995,-9.924329799999999,0.392266
2022-04-28 02:36:02.221062,0.43149259999999995,-9.924329799999999,0.392266
2022-04-28 02:36:02.221062,0.43149259999999995,-9.924329799999999,0.392266
2022-04-28 02:36:02.221062,0.43149259999999995,-9.924329799999999,0.3138128
2022-04-28 02:36:02.221062,0.43149259999999995,-9.9635564,0.3530394
2022-04-28 02:36:02.221062,0.43149259999999995,-9.924329799999999,0.3530394
2022-04-28 02:36:02.221062,0.4707192,-9.924329799999999,0.3530394
2022-04-28 02:36:02.221062,0.43149259999999995,-9.924329799999999,0.3138128
2022-04-28 02:36:02.221062,0.43149259999999995,-9.924329799999999,0.392266
2022-04-28 02:36:02.221062,0.4707192,-9.924329799999999,0.392266
2022-04-28 02:36:02.221062,0.43149259999999995,-9.924329799999999,0.392266
2022-04-28 02:36:02.221062,0.43149259999999995,-9.8851032,0.392266
2022-04-28 02:36:02.221062,0.4707192,-9.924329799999999,0.3138128
2022-04-28 02:36:02.221062,0.43149259999999995,-9.8851032,0.3530394
2022-04-28 02:36:02.221062,0.392266,-9.924329799999999,0.3530394
2022-04-28 02:36:02.221062,0.43149259999999995,-9.924329799999999,0.3530394
2022-04-28 02:36:02.221062,0.4707192,-9.924329799999999,0.392266
2022-04-28 02:36:02.221062,0.4707192,-9.9635564,0.3530394
2022-04-28 02:36:02.221062,0.4707192,-9.924329799999999,0.392266
2022-04-28 02:36:02.221062,0.4707192,-9.924329799999999,0.392266
2022-04-28 02:36:02.221062,0.43149259999999995,-9.924329799999999,0.392266
2022-04-28 02:36:02.221062,0.4707192,-9.924329799999999,0.3530394
2022-04-28 02:36:02.221062,0.392266,-9.9635564,0.43149259999999995
2022-04-28 02:36:02.221062,0.4707192,-9.924329799999999,0.3530394
2022-04-28 02:36:02.221062,0.43149259999999995,-9.924329799999999,0.3530394
2022-04-28 02:36:02.221062,0.4707192,-9.924329799999999,0.3530394
2022-04-28 02:36:02.221062,0.4707192,-9.9635564,0.3530394
2022-04-28 02:36:02.221062,0.43149259999999995,-9.8851032,0.3138128
2022-04-28 02:36:02.221062,0.43149259999999995,-9.924329799999999,0.3138128
2022-04-28 02:36:02.221062,0.43149259999999995,-9.924329799999999,0.3530394
2022-04-28 02:36:02.221062,0.43149259999999995,-9.8851032,0.3138128
2022-04-28 02:36:02.221062,0.43149259999999995,-9.924329799999999,0.392266
2022-04-28 02:36:02.221062,0.4707192,-9.924329799999999,0.3530394
2022-04-28 02:36:02.221062,0.4707192,-9.924329799999999,0.3138128
2022-04-28 02:36:02.221062,0.43149259999999995,-9.924329799999999,0.3530394
2022-04-28 02:36:02.221062,0.4707192,-9.924329799999999,0.3138128
2022-04-28 02:36:02.221062,0.43149259999999995,-9.924329799999999,0.3530394
2022-04-28 02:36:02.221062,0.392266,-9.8851032,0.3530394
2022-04-28 02:36:02.221062,0.43149259999999995,-9.924329799999999,0.3530394
2022-04-28 02:36:02.221062,0.43149259999999995,-9.8851032,0.43149259999999995
2022-04-28 02:36:02.221062,0.43149259999999995,-9.8851032,0.3530394
2022-04-28 02:36:02.221062,0.43149259999999995,-9.924329799999999,0.392266
2022-04-28 02:36:02.221062,0.43149259999999995,-9.924329799999999,0.4707192
2022-04-28 02:36:02.221062,0.43149259999999995,-9.924329799999999,0.392266
2022-04-28 02:36:02.221062,0.4707192,-9.924329799999999,0.3530394
2022-04-28 02:36:02.221062,0.43149259999999995,-9.924329799999999,0.3530394
2022-04-28 02:36:02.221062,0.43149259999999995,-9.9635564,0.3530394
2022-04-28 02:36:02.221062,0.43149259999999995,-9.924329799999999,0.392266
2022-04-28 02:36:02.221062,0.4707192,-9.924329799999999,0.3530394
2022-04-28 02:36:02.221062,0.43149259999999995,-9.924329799999999,0.3138128
2022-04-28 02:36:02.221062,0.4707192,-9.924329799999999,0.43149259999999995
2022-04-28 02:36:02.221062,0.4707192,-9.924329799999999,0.3138128
2022-04-28 02:36:02.221062,0.43149259999999995,-9.9635564,0.2353596
2022-04-28 02:36:02.221062,0.392266,-9.924329799999999,0.3530394
2022-04-28 02:36:02.221062,0.4707192,-9.924329799999999,0.3530394
2022-04-28 02:36:02.221062,0.43149259999999995,-9.924329799999999,0.392266
2022-04-28 02:36:02.221062,0.392266,-9.924329799999999,0.3138128
2022-04-28 02:36:02.221062,0.43149259999999995,-9.9635564,0.3530394
2022-04-28 02:36:02.221062,0.4707192,-9.9635564,0.3530394
2022-04-28 02:36:02.221062,0.392266,-9.924329799999999,0.392266
2022-04-28 02:36:02.221062,0.4707192,-9.924329799999999,0.3530394
2022-04-28 02:36:02.221062,0.43149259999999995,-9.924329799999999,0.3138128
2022-04-28 02:36:02.221062,0.43149259999999995,-9.924329799999999,0.43149259999999995
2022-04-28 02:36:02.221062,0.43149259999999995,-9.9635564,0.3530394
2022-04-28 02:36:02.221062,0.4707192,-9.9635564,0.3530394
2022-04-28 02:36:02.221062,0.43149259999999995,-9.924329799999999,0.43149259999999995
2022-04-28 02:36:02.221062,0.4707192,-9.924329799999999,0.3530394
2022-04-28 02:36:02.221062,0.43149259999999995,-9.924329799999999,0.392266
2022-04-28 02:36:02.221062,0.43149259999999995,-9.924329799999999,0.3530394
2022-04-28 02:36:02.221062,0.392266,-9.924329799999999,0.392266
2022-04-28 02:36:02.221062,0.43149259999999995,-9.924329799999999,0.3530394
2022-04-28 02:36:02.221062,0.4707192,-9.924329799999999,0.3530394
2022-04-28 02:36:02.221062,0.43149259999999995,-9.8851032,0.3530394
2022-04-28 02:36:02.221062,0.43149259999999995,-9.9635564,0.2745862
2022-04-28 02:36:02.221062,0.43149259999999995,-9.924329799999999,0.392266
2022-04-28 02:36:02.221062,0.4707192,-9.924329799999999,0.392266
2022-04-28 02:36:02.221062,0.43149259999999995,-9.9635564,0.3530394
2022-04-28 02:36:02.221062,0.4707192,-9.9635564,0.3530394
2022-04-28 02:36:02.221062,0.43149259999999995,-9.924329799999999,0.3530394
2022-04-28 02:36:02.221062,0.43149259999999995,-9.8851032,0.3530394
2022-04-28 02:36:02.221062,0.43149259999999995,-9.8851032,0.3530394
2022-04-28 02:36:02.221062,0.4707192,-9.924329799999999,0.392266
2022-04-28 02:36:02.221062,0.4707192,-9.924329799999999,0.392266
2022-04-28 02:36:02.221062,0.392266,-9.9635564,0.3530394
2022-04-28 02:36:02.221062,0.43149259999999995,-9.924329799999999,0.3530394
2022-04-28 02:36:02.221062,0.392266,-9.8851032,0.3138128
2022-04-28 02:36:02.221062,0.4707192,-9.924329799999999,0.3530394
2022-04-28 02:36:02.221062,0.4707192,-9.8851032,0.3138128
2022-04-28 02:36:02.221062,0.4707192,-9.924329799999999,0.43149259999999995
2022-04-28 02:36:02.221062,0.392266,-9.924329799999999,0.3530394
2022-04-28 02:36:02.221062,0.4707192,-9.9635564,0.3530394
2022-04-28 02:36:02.221062,0.4707192,-9.924329799999999,0.3530394
2022-04-28 02:36:02.221062,0.392266,-9.924329799999999,0.3138128
2022-04-28 02:36:02.221062,0.43149259999999995,-9.924329799999999,0.392266
2022-04-28 02:36:02.221062,0.392266,-9.924329799999999,0.3530394
2022-04-28 02:36:02.221062,0.43149259999999995,-9.8851032,0.392266
2022-04-28 02:36:02.221062,0.43149259999999995,-9.924329799999999,0.392266
2022-04-28 02:36:02.221062,0.392266,-9.924329799999999,0.3530394
2022-04-28 02:36:02.221062,0.43149259999999995,-9.8851032,0.392266
2022-04-28 02:36:02.221062,0.43149259999999995,-9.924329799999999,0.3138128
2022-04-28 02:36:02.221062,0.43149259999999995,-9.9635564,0.3138128
2022-04-28 02:36:02.221062,0.392266,-9.924329799999999,0.3530394
2022-04-28 02:36:02.221062,0.43149259999999995,-9.9635564,0.392266
2022-04-28 02:36:02.221062,0.43149259999999995,-9.924329799999999,0.3138128
2022-04-28 02:36:02.221062,0.43149259999999995,-9.924329799999999,0.3530394
2022-04-28 02:36:02.221062,0.43149259999999995,-9.924329799999999,0.3530394
2022-04-28 02:36:02.221062,0.392266,-9.924329799999999,0.3530394
2022-04-28 02:36:02.221062,0.43149259999999995,-9.924329799999999,0.3530394
2022-04-28 02:36:02.221062,0.43149259999999995,-9.8851032,0.3138128
2022-04-28 02:36:02.221062,0.43149259999999995,-9.924329799999999,0.392266
2022-04-28 02:36:02.221062,0.4707192,-9.924329799999999,0.3530394
2022-04-28 02:36:02.221062,0.43149259999999995,-9.924329799999999,0.3138128
2022-04-28 02:36:02.221062,0.4707192,-9.924329799999999,0.3530394
2022-04-28 02:36:02.221062,0.43149259999999995,-9.924329799999999,0.392266
2022-04-28 02:36:02.221062,0.4707192,-9.924329799999999,0.3530394
2022-04-28 02:36:02.221062,0.43149259999999995,-9.924329799999999,0.392266
2022-04-28 02:36:02.221062,0.43149259999999995,-9.924329799999999,0.3530394
2022-04-28 02:36:02.221062,0.4707192,-9.924329799999999,0.392266
2022-04-28 02:36:02.221062,0.4707192,-9.924329799999999,0.3138128
2022-04-28 02:36:02.221062,0.43149259999999995,-9.8851032,0.3530394
2022-04-28 02:36:02.221062,0.43149259999999995,-9.8851032,0.392266
2022-04-28 02:36:02.221062,0.43149259999999995,-9.924329799999999,0.43149259999999995
2022-04-28 02:36:02.221062,0.43149259999999995,-9.9635564,0.3138128
2022-04-28 02:36:02.221062,0.4707192,-9.924329799999999,0.3530394
2022-04-28 02:36:02.221062,0.43149259999999995,-9.924329799999999,0.3530394
2022-04-28 02:36:02.221062,0.392266,-9.924329799999999,0.3530394
2022-04-28 02:36:02.221062,0.4707192,-9.924329799999999,0.3530394
2022-04-28 02:36:02.221062,0.392266,-9.8851032,0.3138128
2022-04-28 02:36:02.221062,0.43149259999999995,-9.9635564,0.3530394
2022-04-28 02:36:02.221062,0.4707192,-9.924329799999999,0.3138128
2022-04-28 02:36:02.221062,0.43149259999999995,-9.8851032,0.3530394
2022-04-28 02:36:02.221062,0.43149259999999995,-9.924329799999999,0.43149259999999995
2022-04-28 02:36:02.221062,0.43149259999999995,-9.8851032,0.3138128
2022-04-28 02:36:02.221062,0.43149259999999995,-9.924329799999999,0.3530394
2022-04-28 02:36:02.221062,0.43149259999999995,-9.924329799999999,0.392266
2022-04-28 02:36:02.221062,0.43149259999999995,-9.924329799999999,0.3138128
2022-04-28 02:36:02.221062,0.43149259999999995,-9.924329799999999,0.43149259999999995
2022-04-28 02:36:02.221062,0.4707192,-9.924329799999999,0.3530394
2022-04-28 02:36:02.221062,0.43149259999999995,-9.845876599999999,0.3530394
2022-04-28 02:36:02.221062,0.392266,-9.924329799999999,0.392266
2022-04-28 02:36:02.221062,0.43149259999999995,-9.924329799999999,0.3530394
2022-04-28 02:36:02.221062,0.392266,-9.924329799999999,0.392266
2022-04-28 02:36:02.221062,0.4707192,-9.9635564,0.3530394
2022-04-28 02:36:02.221062,0.4707192,-9.9635564,0.3530394
2022-04-28 02:36:02.221062,0.392266,-9.8851032,0.392266
2022-04-28 02:36:02.221062,0.43149259999999995,-9.924329799999999,0.3530394
2022-04-28 02:36:02.221062,0.4707192,-9.924329799999999,0.392266
2022-04-28 02:36:02.221062,0.4707192,-9.9635564,0.392266
2022-04-28 02:36:02.221062,0.392266,-9.8851032,0.3530394
2022-04-28 02:36:02.221062,0.4707192,-9.9635564,0.3530394
2022-04-28 02:36:02.221062,0.43149259999999995,-9.924329799999999,0.43149259999999995
2022-04-28 02:36:02.221062,0.392266,-9.924329799999999,0.392266
2022-04-28 02:36:02.221062,0.43149259999999995,-9.924329799999999,0.43149259999999995
2022-04-28 02:36:02.221062,0.43149259999999995,-9.924329799999999,0.392266
2022-04-28 02:36:02.221062,0.43149259999999995,-9.8851032,0.3530394
2022-04-28 02:36:02.221062,0.43149259999999995,-9.924329799999999,0.3530394
2022-04-28 02:36:02.221062,0.43149259999999995,-9.9635564,0.392266
2022-04-28 02:36:02.221062,0.43149259999999995,-9.8851032,0.3530394
2022-04-28 02:36:02.221062,0.4707192,-9.9635564,0.392266
2022-04-28 02:36:02.221062,0.43149259999999995,-9.924329799999999,0.3138128
2022-04-28 02:36:02.221062,0.4707192,-9.8851032,0.3530394
2022-04-28 02:36:02.221062,0.43149259999999995,-9.8851032,0.392266
2022-04-28 02:36:02.221062,0.392266,-9.924329799999999,0.3530394
2022-04-28 02:36:02.221062,0.43149259999999995,-9.924329799999999,0.392266
2022-04-28 02:36:02.221062,0.43149259999999995,-9.9635564,0.3530394
2022-04-28 02:36:02.221062,0.4707192,-9.9635564,0.3530394
2022-04-28 02:36:02.221062,0.4707192,-9.924329799999999,0.392266
2022-04-28 02:36:02.221062,0.43149259999999995,-9.924329799999999,0.3138128
2022-04-28 02:36:02.221062,0.43149259999999995,-9.9635564,0.3530394
2022-04-28 02:36:02.221062,0.4707192,-9.9635564,0.392266
2022-04-28 02:36:02.221062,0.4707192,-9.924329799999999,0.392266
2022-04-28 02:36:02.221062,0.43149259999999995,-9.924329799999999,0.392266
2022-04-28 02:36:02.221062,0.43149259999999995,-9.924329799999999,0.3138128
2022-04-28 02:36:02.221062,0.4707192,-9.9635564,0.3138128
2022-04-28 02:36:02.221062,0.4707192,-9.924329799999999,0.3530394
2022-04-28 02:36:02.221062,0.4707192,-9.924329799999999,0.392266
2022-04-28 02:36:02.221062,0.4707192,-9.924329799999999,0.3138128
2022-04-28 02:36:02.221062,0.43149259999999995,-9.8851032,0.3530394
2022-04-28 02:36:02.221062,0.4707192,-9.9635564,0.3138128
2022-04-28 02:36:02.221062,0.43149259999999995,-9.8851032,0.392266
2022-04-28 02:36:02.221062,0.392266,-9.9635564,0.3530394
2022-04-28 02:36:02.221062,0.392266,-9.8851032,0.3530394
2022-04-28 02:36:02.221062,0.392266,-9.924329799999999,0.3530394
2022-04-28 02:36:02.221062,0.43149259999999995,-9.924329799999999,0.392266
2022-04-28 02:36:02.221062,0.43149259999999995,-9.9635564,0.3530394
2022-04-28 02:36:02.221062,0.43149259999999995,-9.924329799999999,0.392266
2022-04-28 02:36:02.221062,0.4707192,-9.924329799999999,0.43149259999999995
2022-04-28 02:36:02.221062,0.43149259999999995,-9.924329799999999,0.3530394
2022-04-28 02:36:02.221062,0.4707192,-9.924329799999999,0.3530394
2022-04-28 02:36:02.221062,0.392266,-9.8851032,0.3530394
2022-04-28 02:36:02.221062,0.43149259999999995,-9.924329799999999,0.3138128
2022-04-28 02:36:02.221062,0.43149259999999995,-9.924329799999999,0.3530394
2022-04-28 02:36:02.221062,0.392266,-9.924329799999999,0.392266
2022-04-28 02:36:02.221062,0.43149259999999995,-9.8851032,0.43149259999999995
2022-04-28 02:36:02.221062,0.4707192,-9.9635564,0.3530394
2022-04-28 02:36:02.221062,0.43149259999999995,-9.9635564,0.3530394
2022-04-28 02:36:02.221062,0.43149259999999995,-9.924329799999999,0.3138128
2022-04-28 02:36:02.221062,0.5099458,-9.924329799999999,0.392266
2022-04-28 02:36:02.221062,0.43149259999999995,-9.924329799999999,0.3530394
2022-04-28 02:36:02.221062,0.4707192,-9.924329799999999,0.3530394
2022-04-28 02:36:02.221062,0.43149259999999995,-9.9635564,0.3138128
2022-04-28 02:36:02.221062,0.43149259999999995,-9.924329799999999,0.3138128
2022-04-28 02:36:02.221062,0.43149259999999995,-9.924329799999999,0.3530394
2022-04-28 02:36:02.221062,0.4707192,-9.9635564,0.3530394
2022-04-28 02:36:02.221062,0.43149259999999995,-9.924329799999999,0.392266
2022-04-28 02:36:02.221062,0.4707192,-9.924329799999999,0.3530394
2022-04-28 02:36:02.221062,0.43149259999999995,-9.924329799999999,0.3530394
2022-04-28 02:36:02.221062,0.3530394,-9.924329799999999,0.3138128
2022-04-28 02:36:02.221062,0.43149259999999995,-9.8851032,0.392266
2022-04-28 02:36:02.221062,0.392266,-9.924329799999999,0.3530394
2022-04-28 02:36:02.221062,0.43149259999999995,-9.9635564,0.3138128
2022-04-28 02:36:02.221062,0.4707192,-9.9635564,0.3530394
2022-04-28 02:36:02.221062,0.43149259999999995,-9.8851032,0.392266
2022-04-28 02:36:02.221062,0.392266,-9.924329799999999,0.3530394
2022-04-28 02:36:02.221062,0.43149259999999995,-9.924329799999999,0.3530394
2022-04-28 02:36:02.221062,0.43149259999999995,-9.924329799999999,0.3530394
2022-04-28 02:36:02.221062,0.43149259999999995,-9.924329799999999,0.3530394
2022-04-28 02:36:02.221062,0.4707192,-9.924329799999999,0.3530394
2022-04-28 02:36:02.221062,0.4707192,-9.9635564,0.392266
2022-04-28 02:36:02.221062,0.43149259999999995,-9.924329799999999,0.3530394
2022-04-28 02:36:02.221062,0.43149259999999995,-9.9635564,0.392266
2022-04-28 02:36:02.221062,0.392266,-9.8851032,0.3530394
2022-04-28 02:36:02.221062,0.43149259999999995,-9.924329799999999,0.392266
2022-04-28 02:36:02.221062,0.43149259999999995,-9.8851032,0.3138128
2022-04-28 02:36:02.221062,0.43149259999999995,-9.924329799999999,0.3530394
2022-04-28 02:36:02.221062,0.4707192,-9.924329799999999,0.3530394
2022-04-28 02:36:02.221062,0.392266,-9.924329799999999,0.3138128
2022-04-28 02:36:02.221062,0.4707192,-9.924329799999999,0.3530394
2022-04-28 02:36:02.221062,0.43149259999999995,-9.924329799999999,0.392266
2022-04-28 02:36:02.221062,0.4707192,-9.9635564,0.392266
2022-04-28 02:36:02.221062,0.4707192,-9.9635564,0.3138128
2022-04-28 02:36:02.221062,0.392266,-9.924329799999999,0.43149259999999995
2022-04-28 02:36:02.221062,0.4707192,-9.9635564,0.392266
2022-04-28 02:36:02.221062,0.4707192,-9.924329799999999,0.3138128
2022-04-28 02:36:02.221062,0.43149259999999995,-9.9635564,0.3530394
2022-04-28 02:36:02.221062,0.392266,-9.8851032,0.392266
2022-04-28 02:36:02.221062,0.4707192,-9.924329799999999,0.3530394
2022-04-28 02:36:02.221062,0.4707192,-9.9635564,0.43149259999999995
2022-04-28 02:36:02.221062,0.43149259999999995,-9.924329799999999,0.3530394
2022-04-28 02:36:02.221062,0.43149259999999995,-9.924329799999999,0.392266
2022-04-28 02:36:02.221062,0.43149259999999995,-9.924329799999999,0.43149259999999995
2022-04-28 02:36:02.221062,0.392266,-9.8851032,0.3530394
2022-04-28 02:36:02.221062,0.4707192,-9.9635564,0.392266
2022-04-28 02:36:02.221062,0.43149259999999995,-9.924329799999999,0.43149259999999995
2022-04-28 02:36:02.221062,0.43149259999999995,-9.8851032,0.392266
2022-04-28 02:36:02.221062,0.43149259999999995,-9.924329799999999,0.392266
2022-04-28 02:36:02.221062,0.43149259999999995,-9.924329799999999,0.3530394
2022-04-28 02:36:02.221062,0.43149259999999995,-9.924329799999999,0.3138128
2022-04-28 02:36:02.221062,0.4707192,-9.924329799999999,0.3530394
2022-04-28 02:36:02.221062,0.4707192,-9.924329799999999,0.3530394
2022-04-28 02:36:02.221062,0.43149259999999995,-9.924329799999999,0.3138128
2022-04-28 02:36:02.221062,0.43149259999999995,-9.9635564,0.3530394
2022-04-28 02:36:02.221062,0.43149259999999995,-9.924329799999999,0.392266
2022-04-28 02:36:02.221062,0.4707192,-9.9635564,0.3530394
2022-04-28 02:36:02.221062,0.43149259999999995,-9.924329799999999,0.392266
