2022-04-27 20:30:12.770229,0.7060788,0.1569064,7.84532
2022-04-27 20:30:12.770229,0.6668522,0.196133,7.8060934
2022-04-27 20:30:12.770229,0.7060788,0.2353596,7.7276402
2022-04-27 20:30:12.770229,0.7453053999999999,0.196133,7.84532
2022-04-27 20:30:12.770229,0.7453053999999999,0.196133,7.7668668
2022-04-27 20:30:12.770229,0.6668522,0.196133,7.7668668
2022-04-27 20:30:12.770229,0.7060788,0.1569064,7.7276402
2022-04-27 20:30:12.770229,0.7060788,0.196133,7.7668668
2022-04-27 20:30:12.770229,0.7060788,0.196133,7.7276402
2022-04-27 20:30:12.770229,0.7060788,0.196133,7.7668668
2022-04-27 20:30:12.770229,0.6276256,0.196133,7.7668668
2022-04-27 20:30:12.770229,2.0790097999999997,-0.6668522,7.5315072
2022-04-27 20:30:12.770229,0.6668522,0.0784532,7.8060934
2022-04-27 20:30:12.770229,0.6668522,0.0784532,7.7668668
2022-04-27 20:30:12.770229,0.6668522,0.1176798,7.7668668
2022-04-27 20:30:12.770229,0.6668522,0.1176798,7.7668668
2022-04-27 20:30:12.770229,0.7060788,0.1176798,7.8060934
2022-04-27 20:30:12.770229,0.6276256,0.0784532,7.84532
2022-04-27 20:30:12.770229,0.7060788,0.1176798,7.84532
2022-04-27 20:30:12.770229,0.7060788,0.0784532,7.8060934
2022-04-27 20:30:12.770229,0.7060788,0.0784532,7.7276402
2022-04-27 20:30:12.770229,0.7060788,0.0784532,7.8060934
2022-04-27 20:30:12.770229,0.6668522,0.0392266,7.8060934
2022-04-27 20:30:12.770229,0.7060788,0.0784532,7.7668668
2022-04-27 20:30:12.770229,0.6668522,0.0784532,7.7276402
2022-04-27 20:30:12.770229,0.7060788,0.0784532,7.7668668
2022-04-27 20:30:12.770229,0.7060788,0.0392266,7.8060934
2022-04-27 20:30:12.770229,0.7453053999999999,0.0784532,7.7668668
2022-04-27 20:30:12.770229,0.7060788,0.0392266,7.8060934
2022-04-27 20:30:12.770229,0.7060788,0.0784532,7.8060934
2022-04-27 20:30:12.770229,0.6276256,0.1176798,7.7668668
2022-04-27 20:30:12.770229,0.6276256,0.1176798,7.7668668
2022-04-27 20:30:12.770229,0.6668522,0.1176798,7.7276402
2022-04-27 20:30:12.770229,0.7060788,0.0784532,7.7668668
2022-04-27 20:30:12.770229,0.6668522,0.0784532,7.8060934
2022-04-27 20:30:12.770229,0.7060788,0.0784532,7.7668668
2022-04-27 20:30:12.770229,0.7060788,0.0784532,7.8060934
2022-04-27 20:30:12.770229,0.7060788,0.0784532,7.7668668
2022-04-27 20:30:12.770229,0.6668522,0.1176798,7.7668668
2022-04-27 20:30:12.770229,0.7060788,0.0784532,7.8060934
2022-04-27 20:30:12.770229,0.7060788,0.1176798,7.7668668
2022-04-27 20:30:12.770229,0.6668522,0.0784532,7.8060934
2022-04-27 20:30:12.770229,0.6668522,0.1176798,7.8845466
2022-04-27 20:30:12.770229,0.7060788,0.0784532,7.7668668
2022-04-27 20:30:12.770229,0.6668522,0.0784532,7.7668668
2022-04-27 20:30:12.770229,0.7453053999999999,0.1569064,7.6491869999999995
2022-04-27 20:30:12.770229,0.7060788,0.0784532,7.8060934
2022-04-27 20:30:12.770229,0.6668522,0.1176798,7.7668668
2022-04-27 20:30:12.770229,0.6668522,0.1176798,7.7668668
2022-04-27 20:30:12.770229,0.7453053999999999,0.1176798,7.8845466
2022-04-27 20:30:12.770229,0.7060788,0.0784532,7.8060934
2022-04-27 20:30:12.770229,0.7060788,0.0784532,7.7668668
2022-04-27 20:30:12.770229,0.7453053999999999,0.1176798,7.7668668
2022-04-27 20:30:12.770229,0.6668522,0.1176798,7.7668668
2022-04-27 20:30:12.770229,0.7453053999999999,0.0784532,7.7276402
2022-04-27 20:30:12.770229,0.7060788,0.0784532,7.7668668
2022-04-27 20:30:12.770229,0.6668522,0.1176798,7.7668668
2022-04-27 20:30:12.770229,0.7060788,0.0784532,7.7668668
2022-04-27 20:30:12.770229,0.7060788,0.0784532,7.8060934
2022-04-27 20:30:12.770229,0.7060788,0.0784532,7.8060934
2022-04-27 20:30:12.770229,0.6668522,0.1176798,7.7668668
2022-04-27 20:30:12.770229,0.7060788,0.0784532,7.84532
2022-04-27 20:30:12.770229,0.7060788,0.0784532,7.84532
2022-04-27 20:30:12.770229,0.7060788,0.0392266,7.8060934
2022-04-27 20:30:12.770229,0.7060788,0.0784532,7.8060934
2022-04-27 20:30:12.770229,0.7060788,0.0784532,7.8060934
2022-04-27 20:30:12.770229,0.7060788,0.0784532,7.7668668
2022-04-27 20:30:12.770229,0.7060788,0.1176798,7.7668668
2022-04-27 20:30:12.770229,0.7060788,0.0784532,7.8060934
2022-04-27 20:30:12.770229,0.7060788,0.1176798,7.7668668
2022-04-27 20:30:12.770229,0.6668522,0.1176798,7.8060934
2022-04-27 20:30:12.770229,0.7453053999999999,0.0784532,7.8845466
2022-04-27 20:30:12.770229,0.6668522,0.0784532,7.7668668
2022-04-27 20:30:12.770229,0.6668522,0.0784532,7.7276402
2022-04-27 20:30:12.770229,0.6668522,0.0784532,7.7668668
2022-04-27 20:30:12.770229,0.7060788,0.0784532,7.8060934
2022-04-27 20:30:12.770229,0.7060788,0.0784532,7.7668668
2022-04-27 20:30:12.770229,0.6668522,0.1176798,7.7668668
2022-04-27 20:30:12.770229,0.7453053999999999,0.0784532,7.7668668
2022-04-27 20:30:12.770229,0.6668522,0.1176798,7.8060934
2022-04-27 20:30:12.770229,0.7060788,0.0784532,7.7668668
2022-04-27 20:30:12.770229,0.7060788,0.0784532,7.7668668
2022-04-27 20:30:12.770229,0.6668522,0.0784532,7.8060934
2022-04-27 20:30:12.770229,0.7060788,0.0784532,7.8060934
2022-04-27 20:30:12.770229,0.7060788,0.0784532,7.7668668
2022-04-27 20:30:12.770229,0.7060788,0.0784532,7.7668668
2022-04-27 20:30:12.770229,0.7060788,0.0784532,7.7276402
2022-04-27 20:30:12.770229,0.7060788,0.0784532,7.7668668
2022-04-27 20:30:12.770229,0.6668522,0.0784532,7.7668668
2022-04-27 20:30:12.770229,0.6668522,0.1569064,7.8060934
2022-04-27 20:30:12.770229,0.7060788,0.0784532,7.7668668
2022-04-27 20:30:12.770229,0.6668522,0.1176798,7.7668668
2022-04-27 20:30:12.770229,0.7060788,0.0784532,7.84532
2022-04-27 20:30:12.770229,0.6276256,0.1176798,7.6884136
2022-04-27 20:30:12.770229,0.7060788,0.1176798,7.7668668
2022-04-27 20:30:12.770229,0.7060788,0.0784532,7.7276402
2022-04-27 20:30:12.770229,0.7060788,0.0784532,7.8060934
2022-04-27 20:30:12.770229,0.7453053999999999,0.0392266,7.8060934
2022-04-27 20:30:12.770229,0.6668522,0.0784532,7.7668668
2022-04-27 20:30:12.770229,0.7060788,0.0784532,7.84532
2022-04-27 20:30:12.770229,0.7060788,0.0784532,7.8060934
2022-04-27 20:30:12.770229,0.6668522,0.1176798,7.7668668
2022-04-27 20:30:12.770229,0.7060788,0.0784532,7.7668668
2022-04-27 20:30:12.770229,0.6668522,0.0784532,7.7276402
2022-04-27 20:30:12.770229,0.7060788,0.0784532,7.7276402
2022-04-27 20:30:12.770229,0.7453053999999999,0.0784532,7.7668668
2022-04-27 20:30:12.770229,0.6668522,0.1176798,7.7668668
2022-04-27 20:30:12.770229,0.7060788,0.1176798,7.8060934
2022-04-27 20:30:12.770229,0.7060788,0.0392266,7.7668668
2022-04-27 20:30:12.770229,0.6668522,0.0784532,7.8060934
2022-04-27 20:30:12.770229,0.7060788,0.0784532,7.8060934
2022-04-27 20:30:12.770229,0.6668522,0.0784532,7.7668668
2022-04-27 20:30:12.770229,0.6668522,0.0784532,7.7668668
2022-04-27 20:30:12.770229,0.7060788,0.0784532,7.7668668
2022-04-27 20:30:12.770229,0.7060788,0.1176798,7.8060934
2022-04-27 20:30:12.770229,0.6668522,0.1176798,7.7668668
2022-04-27 20:30:12.770229,0.6668522,0.0784532,7.8060934
2022-04-27 20:30:12.770229,0.7060788,0.1176798,7.8060934
2022-04-27 20:30:12.770229,0.7060788,0.0784532,7.7668668
2022-04-27 20:30:12.770229,0.7060788,0.1176798,7.84532
2022-04-27 20:30:12.770229,0.7060788,0.0784532,7.8060934
2022-04-27 20:30:12.770229,0.7060788,0.1176798,7.7276402
2022-04-27 20:30:12.770229,0.7060788,0.0784532,7.8060934
2022-04-27 20:30:12.770229,0.7453053999999999,0.0784532,7.7668668
2022-04-27 20:30:12.770229,0.7060788,0.0784532,7.84532
2022-04-27 20:30:12.770229,0.6668522,0.0784532,7.8060934
2022-04-27 20:30:12.770229,0.7060788,0.1176798,7.84532
2022-04-27 20:30:12.770229,0.7060788,0.0784532,7.7276402
2022-04-27 20:30:12.770229,0.7060788,0.0784532,7.8060934
2022-04-27 20:30:12.770229,0.7060788,0.1176798,7.8060934
2022-04-27 20:30:12.770229,0.7060788,0.1176798,7.7276402
2022-04-27 20:30:12.770229,0.7060788,0.0784532,7.7668668
2022-04-27 20:30:12.770229,0.7060788,0.1176798,7.8060934
2022-04-27 20:30:12.770229,0.7060788,0.0784532,7.8060934
2022-04-27 20:30:12.770229,0.7060788,0.0784532,7.8060934
2022-04-27 20:30:12.770229,0.7060788,0.0784532,7.7276402
2022-04-27 20:30:12.770229,0.7060788,0.0784532,7.7276402
2022-04-27 20:30:12.770229,0.7060788,0.1176798,7.84532
2022-04-27 20:30:12.770229,0.784532,0.1569064,7.84532
2022-04-27 20:30:12.770229,0.9022117999999999,0.0392266,7.8060934
2022-04-27 20:30:12.770229,0.8629851999999999,0.0784532,7.7668668
2022-04-27 20:30:12.770229,0.8629851999999999,0.0784532,7.7668668
2022-04-27 20:30:12.770229,0.8629851999999999,0.0392266,7.7668668
2022-04-27 20:30:12.770229,0.8629851999999999,0.0784532,7.7276402
2022-04-27 20:30:12.770229,0.8629851999999999,0.1176798,7.8060934
2022-04-27 20:30:12.770229,0.9022117999999999,0.0392266,7.7668668
2022-04-27 20:30:12.770229,0.9022117999999999,0.1176798,7.7668668
2022-04-27 20:30:12.770229,0.9022117999999999,0.0784532,7.8060934
2022-04-27 20:30:12.770229,0.8629851999999999,0.0784532,7.84532
2022-04-27 20:30:12.770229,0.9022117999999999,0.0784532,7.8060934
2022-04-27 20:30:12.770229,0.8629851999999999,0.0784532,7.7276402
2022-04-27 20:30:12.770229,0.8629851999999999,0.0784532,7.7276402
2022-04-27 20:30:12.770229,0.9022117999999999,0.0784532,7.84532
2022-04-27 20:30:12.770229,0.8629851999999999,0.0784532,7.7276402
2022-04-27 20:30:12.770229,0.8629851999999999,0.0784532,7.7668668
2022-04-27 20:30:12.770229,0.8629851999999999,0.0784532,7.84532
2022-04-27 20:30:12.770229,0.9022117999999999,0.0784532,7.8060934
2022-04-27 20:30:12.770229,0.8629851999999999,0.0784532,7.84532
2022-04-27 20:30:12.770229,0.8629851999999999,0.0784532,7.7668668
2022-04-27 20:30:12.770229,0.8629851999999999,0.0784532,7.8060934
2022-04-27 20:30:12.770229,0.8629851999999999,0.0784532,7.8060934
2022-04-27 20:30:12.770229,0.9022117999999999,0.0784532,7.7668668
2022-04-27 20:30:12.770229,0.8629851999999999,0.0784532,7.84532
2022-04-27 20:30:12.770229,0.9022117999999999,0.0784532,7.6884136
2022-04-27 20:30:12.770229,0.8629851999999999,0.1176798,7.7668668
2022-04-27 20:30:12.770229,0.9022117999999999,0.0784532,7.7668668
2022-04-27 20:30:12.770229,0.9022117999999999,0.0784532,7.8060934
2022-04-27 20:30:12.770229,0.9022117999999999,0.0784532,7.7276402
2022-04-27 20:30:12.770229,0.9022117999999999,0.0784532,7.7668668
2022-04-27 20:30:12.770229,0.8629851999999999,0.0392266,7.7276402
2022-04-27 20:30:12.770229,0.9022117999999999,0.0784532,7.7668668
2022-04-27 20:30:12.770229,0.8629851999999999,0.0784532,7.84532
2022-04-27 20:30:12.770229,0.8629851999999999,0.1176798,7.8845466
2022-04-27 20:30:12.770229,0.8629851999999999,0.1176798,7.7276402
2022-04-27 20:30:12.770229,0.8629851999999999,0.1176798,7.7276402
2022-04-27 20:30:12.770229,0.9022117999999999,0.0784532,7.7668668
2022-04-27 20:30:12.770229,0.9022117999999999,0.0392266,7.8060934
2022-04-27 20:30:12.770229,0.9022117999999999,0.0784532,7.8060934
2022-04-27 20:30:12.770229,0.9022117999999999,0.0392266,7.8060934
2022-04-27 20:30:12.770229,0.8629851999999999,0.0784532,7.8060934
2022-04-27 20:30:12.770229,0.8629851999999999,0.1176798,7.84532
2022-04-27 20:30:12.770229,0.8629851999999999,0.0784532,7.8060934
2022-04-27 20:30:12.770229,0.8237586,0.0392266,7.7668668
2022-04-27 20:30:12.770229,0.8629851999999999,0.0784532,7.8060934
2022-04-27 20:30:12.770229,0.8629851999999999,0.0784532,7.7668668
2022-04-27 20:30:12.770229,0.8629851999999999,0.0784532,7.7668668
2022-04-27 20:30:12.770229,0.8629851999999999,0.1176798,7.8060934
2022-04-27 20:30:12.770229,0.8629851999999999,0.0784532,7.7276402
2022-04-27 20:30:12.770229,0.8629851999999999,0.0784532,7.7276402
2022-04-27 20:30:12.770229,0.8629851999999999,0.0784532,7.8060934
2022-04-27 20:30:12.770229,0.8629851999999999,0.0784532,7.7668668
2022-04-27 20:30:12.770229,0.9022117999999999,0.0784532,7.7668668
2022-04-27 20:30:12.770229,0.8629851999999999,0.0784532,7.84532
2022-04-27 20:30:12.770229,0.8629851999999999,0.0784532,7.7668668
2022-04-27 20:30:12.770229,0.8629851999999999,0.0784532,7.7668668
2022-04-27 20:30:12.770229,0.8237586,0.1176798,7.8060934
2022-04-27 20:30:12.770229,0.8629851999999999,0.0784532,7.8060934
2022-04-27 20:30:12.770229,0.8629851999999999,0.0784532,7.8060934
2022-04-27 20:30:12.770229,0.8629851999999999,0.0784532,7.7668668
2022-04-27 20:30:12.770229,0.8629851999999999,0.1176798,7.7668668
2022-04-27 20:30:12.770229,0.9022117999999999,0.0784532,7.7276402
2022-04-27 20:30:12.770229,0.8629851999999999,0.0784532,7.84532
2022-04-27 20:30:12.770229,0.8629851999999999,0.0784532,7.84532
2022-04-27 20:30:12.770229,0.9022117999999999,0.0784532,7.7668668
2022-04-27 20:30:12.770229,0.8629851999999999,0.1176798,7.8060934
2022-04-27 20:30:12.770229,0.8629851999999999,0.0784532,7.7668668
2022-04-27 20:30:12.770229,0.8629851999999999,0.0784532,7.7668668
2022-04-27 20:30:12.770229,0.8629851999999999,0.1176798,7.8060934
2022-04-27 20:30:12.770229,0.8237586,0.1176798,7.7668668
2022-04-27 20:30:12.770229,0.8237586,0.0392266,7.8060934
2022-04-27 20:30:12.770229,0.8629851999999999,0.0784532,7.8060934
2022-04-27 20:30:12.770229,0.8629851999999999,0.0784532,7.7276402
2022-04-27 20:30:12.770229,0.8629851999999999,0.1176798,7.7668668
2022-04-27 20:30:12.770229,0.8237586,0.0784532,7.7668668
2022-04-27 20:30:12.770229,0.9022117999999999,0.0392266,7.7668668
2022-04-27 20:30:12.770229,0.9022117999999999,0.0392266,7.7668668
2022-04-27 20:30:12.770229,0.8629851999999999,0.1176798,7.8060934
2022-04-27 20:30:12.770229,0.8629851999999999,0.0784532,7.7668668
2022-04-27 20:30:12.770229,0.8629851999999999,0.0392266,7.8060934
2022-04-27 20:30:12.770229,0.8629851999999999,0.0784532,7.8060934
2022-04-27 20:30:12.770229,0.8629851999999999,0.0784532,7.7668668
2022-04-27 20:30:12.770229,0.8629851999999999,0.0784532,7.7276402
2022-04-27 20:30:12.770229,0.8237586,0.0784532,7.7668668
2022-04-27 20:30:12.770229,0.8629851999999999,0.1176798,7.7276402
2022-04-27 20:30:12.770229,0.9022117999999999,0.0784532,7.8060934
2022-04-27 20:30:12.770229,0.8629851999999999,0.0784532,7.8060934
2022-04-27 20:30:12.770229,0.9022117999999999,0.0392266,7.7276402
2022-04-27 20:30:12.770229,0.9022117999999999,0.1176798,7.84532
2022-04-27 20:30:12.770229,0.8629851999999999,0.1176798,7.7668668
2022-04-27 20:30:12.770229,0.8629851999999999,0.1176798,7.7668668
2022-04-27 20:30:12.770229,0.9022117999999999,0.0784532,7.7668668
2022-04-27 20:30:12.770229,0.8629851999999999,0.0784532,7.7668668
2022-04-27 20:30:12.770229,0.8629851999999999,0.1176798,7.8060934
2022-04-27 20:30:12.770229,0.9022117999999999,0.0784532,7.7668668
2022-04-27 20:30:12.770229,0.9022117999999999,0.0784532,7.7668668
2022-04-27 20:30:12.770229,0.8629851999999999,0.0784532,7.7668668
2022-04-27 20:30:12.770229,0.8629851999999999,0.0392266,7.8060934
2022-04-27 20:30:12.770229,0.8629851999999999,0.0392266,7.7276402
2022-04-27 23:00:41.781204,0.43149259999999995,-0.5491724,7.8060934
2022-04-27 23:00:41.781204,0.43149259999999995,-0.6276256,7.84532
2022-04-27 23:00:41.781204,0.392266,-0.5491724,7.84532
2022-04-27 23:00:41.781204,0.43149259999999995,-0.5491724,7.84532
2022-04-27 23:00:41.781204,0.392266,-0.5491724,7.7668668
2022-04-27 23:00:41.781204,0.392266,-0.6276256,7.84532
2022-04-27 23:00:41.781204,0.43149259999999995,-0.5883989999999999,7.9237732
2022-04-27 23:00:41.781204,0.392266,-0.5883989999999999,7.8060934
2022-04-27 23:00:41.781204,0.3530394,-0.5099458,7.8060934
2022-04-28 02:36:02.221062,0.9414384,-10.7088618,-1.4513842
2022-04-28 02:36:02.221062,0.9022117999999999,-10.7088618,-1.4906107999999998
2022-04-28 02:36:02.221062,0.9022117999999999,-10.7088618,-1.4906107999999998
2022-04-28 02:36:02.221062,0.9414384,-10.7480884,-1.5298374
2022-04-28 02:36:02.221062,0.9414384,-10.7480884,-1.5298374
2022-04-28 02:36:02.221062,0.9414384,-10.7088618,-1.4513842
2022-04-28 02:36:02.221062,0.9414384,-10.7480884,-1.4906107999999998
2022-04-28 02:36:02.221062,0.9414384,-10.7088618,-1.569064
2022-04-28 02:36:02.221062,0.9414384,-10.7480884,-1.5298374
2022-04-28 02:36:02.221062,0.980665,-10.7480884,-1.569064
2022-04-28 02:36:02.221062,0.980665,-10.7088618,-1.569064
2022-04-28 02:36:02.221062,0.980665,-10.787315,-1.4906107999999998
2022-04-28 02:36:02.221062,0.9414384,-10.7480884,-1.4513842
2022-04-28 02:36:02.221062,0.980665,-10.7480884,-1.4513842
2022-04-28 02:36:02.221062,0.980665,-10.7088618,-1.4121576
2022-04-28 02:36:02.221062,0.9022117999999999,-10.7088618,-1.4906107999999998
2022-04-28 02:36:02.221062,0.980665,-10.7088618,-1.5298374
2022-04-28 02:36:02.221062,0.9414384,-10.7480884,-1.4906107999999998
2022-04-28 02:36:02.221062,0.9414384,-10.7480884,-1.4513842
2022-04-28 02:36:02.221062,0.9414384,-10.7088618,-1.5298374
2022-04-28 02:36:02.221062,0.9022117999999999,-10.7088618,-1.5298374
2022-04-28 02:36:02.221062,0.9414384,-10.7480884,-1.4906107999999998
2022-04-28 02:36:02.221062,0.9414384,-10.7480884,-1.4906107999999998
2022-04-28 02:36:02.221062,0.2353596,-12.0425662,-4.0011132
2022-04-28 02:36:02.221062,0.9022117999999999,-10.7480884,-2.1182364
2022-04-28 02:36:02.221062,0.9022117999999999,-10.7480884,-2.0397832
2022-04-28 02:36:02.221062,0.9414384,-10.7480884,-2.1182364
2022-04-28 02:36:02.221062,0.9022117999999999,-10.7088618,-2.1182364
2022-04-28 02:36:02.221062,0.9022117999999999,-10.7088618,-2.0790097999999997
2022-04-28 02:36:02.221062,0.9022117999999999,-10.7088618,-2.1182364
2022-04-28 02:36:02.221062,0.9414384,-10.787315,-2.0397832
2022-04-28 02:36:02.221062,0.9022117999999999,-10.7480884,-2.0790097999999997
2022-04-28 02:36:02.221062,0.9414384,-10.7480884,-2.0790097999999997
2022-04-28 02:36:02.221062,0.9022117999999999,-10.7480884,-2.0790097999999997
2022-04-28 02:36:02.221062,0.9414384,-10.7088618,-2.0790097999999997
2022-04-28 02:36:02.221062,0.9414384,-10.7480884,-2.0397832
2022-04-28 02:36:02.221062,0.9022117999999999,-10.7480884,-2.0790097999999997
2022-04-28 02:36:02.221062,0.9022117999999999,-10.7088618,-2.0397832
2022-04-28 02:36:02.221062,0.9022117999999999,-10.787315,-2.0005566
2022-04-28 02:36:02.221062,0.9414384,-10.7480884,-2.0790097999999997
2022-04-28 02:36:02.221062,0.9414384,-10.787315,-2.0790097999999997
2022-04-28 02:36:02.221062,0.9414384,-10.787315,-2.0005566
2022-04-28 02:36:02.221062,0.9414384,-10.7480884,-2.0790097999999997
2022-04-28 02:36:02.221062,0.9022117999999999,-10.7480884,-2.0790097999999997
2022-04-28 02:36:02.221062,0.9022117999999999,-10.7480884,-2.0790097999999997
2022-04-28 02:36:02.221062,0.9414384,-10.7480884,-2.0790097999999997
2022-04-28 02:36:02.221062,0.9414384,-10.7480884,-2.0790097999999997
2022-04-28 02:36:02.221062,0.9414384,-10.7480884,-2.0790097999999997
2022-04-28 02:36:02.221062,0.9022117999999999,-10.7480884,-2.0397832
2022-04-28 02:36:02.221062,0.9022117999999999,-10.7480884,-2.0790097999999997
2022-04-28 02:36:02.221062,0.9414384,-10.7088618,-2.1182364
2022-04-28 02:36:02.221062,0.9414384,-10.7480884,-2.0397832
2022-04-28 02:36:02.221062,0.9414384,-10.7480884,-2.0397832
2022-04-28 02:36:02.221062,0.9022117999999999,-10.7088618,-2.157463
2022-04-28 02:36:02.221062,0.9022117999999999,-10.7088618,-2.0790097999999997
2022-04-28 02:36:02.221062,0.9022117999999999,-10.7480884,-2.0397832
2022-04-28 02:36:02.221062,0.9022117999999999,-10.7088618,-2.0397832
2022-04-28 02:36:02.221062,0.9022117999999999,-10.7480884,-2.0790097999999997
2022-04-28 02:36:02.221062,0.9022117999999999,-10.7480884,-2.0397832
2022-04-28 02:36:02.221062,0.9414384,-10.7088618,-2.0790097999999997
2022-04-28 02:36:02.221062,0.9022117999999999,-10.7480884,-2.0005566
2022-04-28 02:36:02.221062,0.8629851999999999,-10.7088618,-2.0790097999999997
2022-04-28 02:36:02.221062,0.9022117999999999,-10.7480884,-2.0790097999999997
2022-04-28 02:36:02.221062,0.9022117999999999,-10.787315,-2.157463
2022-04-28 02:36:02.221062,0.9414384,-10.7480884,-2.0397832
2022-04-28 02:36:02.221062,0.9414384,-10.7480884,-2.0790097999999997
2022-04-28 02:36:02.221062,0.9414384,-10.7480884,-2.0790097999999997
2022-04-28 02:36:02.221062,0.9414384,-10.7480884,-2.0397832
2022-04-28 02:36:02.221062,0.9022117999999999,-10.7088618,-2.0790097999999997
2022-04-28 02:36:02.221062,0.9022117999999999,-10.7088618,-2.0790097999999997
2022-04-28 02:36:02.221062,0.9414384,-10.7480884,-2.0397832
2022-04-28 02:36:02.221062,0.9022117999999999,-10.7480884,-2.1182364
2022-04-28 02:36:02.221062,0.8629851999999999,-10.7088618,-2.0790097999999997
2022-04-28 02:36:02.221062,0.9022117999999999,-10.7480884,-2.0397832
2022-04-28 02:36:02.221062,0.9414384,-10.7480884,-2.0397832
2022-04-28 02:36:02.221062,0.9414384,-10.787315,-2.0790097999999997
2022-04-28 02:36:02.221062,0.8629851999999999,-10.7088618,-2.0397832
2022-04-28 02:36:02.221062,0.9022117999999999,-10.7480884,-2.0397832
2022-04-28 02:36:02.221062,0.9022117999999999,-10.7480884,-2.0790097999999997
2022-04-28 02:36:02.221062,0.9022117999999999,-10.7480884,-2.0397832
2022-04-28 02:36:02.221062,0.9022117999999999,-10.7088618,-2.0397832
2022-04-28 02:36:02.221062,0.9022117999999999,-10.7088618,-2.0790097999999997
2022-04-28 02:36:02.221062,0.9414384,-10.7480884,-2.1182364
2022-04-28 02:36:02.221062,0.9414384,-10.7088618,-2.0790097999999997
2022-04-28 02:36:02.221062,0.9022117999999999,-10.7480884,-2.0397832
2022-04-28 02:36:02.221062,0.9022117999999999,-10.787315,-2.0397832
2022-04-28 02:36:02.221062,0.9022117999999999,-10.787315,-2.0397832
2022-04-28 02:36:02.221062,0.9414384,-10.7480884,-2.0790097999999997
2022-04-28 02:36:02.221062,0.8629851999999999,-10.7480884,-2.0397832
2022-04-28 02:36:02.221062,0.9022117999999999,-10.7480884,-2.0790097999999997
2022-04-28 02:36:02.221062,0.9414384,-10.7480884,-2.1182364
2022-04-28 02:36:02.221062,0.9022117999999999,-10.7088618,-2.0790097999999997
2022-04-28 02:36:02.221062,0.9022117999999999,-10.7480884,-2.0397832
2022-04-28 02:36:02.221062,0.9022117999999999,-10.7088618,-2.0790097999999997
2022-04-28 02:36:02.221062,0.9414384,-10.7088618,-2.0397832
2022-04-28 02:36:02.221062,0.9022117999999999,-10.7480884,-2.0397832
2022-04-28 02:36:02.221062,0.9022117999999999,-10.7088618,-2.0790097999999997
2022-04-28 02:36:02.221062,0.9022117999999999,-10.7480884,-2.0790097999999997
2022-04-28 02:36:02.221062,0.9414384,-10.7480884,-2.0790097999999997
2022-04-28 02:36:02.221062,0.9022117999999999,-10.7480884,-2.0005566
2022-04-28 02:36:02.221062,0.9022117999999999,-10.7088618,-2.0397832
2022-04-28 02:36:02.221062,0.9022117999999999,-10.7088618,-2.0790097999999997
2022-04-28 02:36:02.221062,0.9414384,-10.7480884,-2.0790097999999997
2022-04-28 02:36:02.221062,0.9022117999999999,-10.7480884,-2.1182364
2022-04-28 02:36:02.221062,0.9022117999999999,-10.7088618,-2.1182364
2022-04-28 02:36:02.221062,0.9414384,-10.7088618,-2.0790097999999997
2022-04-28 02:36:02.221062,0.9414384,-10.7480884,-2.0790097999999997
2022-04-28 02:36:02.221062,0.9022117999999999,-10.7480884,-2.0790097999999997
2022-04-28 02:36:02.221062,0.9414384,-10.7480884,-2.0790097999999997
2022-04-28 02:36:02.221062,0.9022117999999999,-10.7480884,-2.1182364
2022-04-28 02:36:02.221062,0.9022117999999999,-10.7088618,-2.0790097999999997
2022-04-28 02:36:02.221062,0.9022117999999999,-10.7480884,-2.0790097999999997
2022-04-28 02:36:02.221062,0.9022117999999999,-10.7088618,-2.0005566
2022-04-28 02:36:02.221062,0.8629851999999999,-10.7088618,-2.1182364
2022-04-28 02:36:02.221062,0.9022117999999999,-10.7480884,-2.0397832
2022-04-28 02:36:02.221062,0.980665,-10.787315,-2.0790097999999997
2022-04-28 02:36:02.221062,0.9022117999999999,-10.7088618,-2.1182364
2022-04-28 02:36:02.221062,0.9022117999999999,-10.7480884,-2.1182364
2022-04-28 02:36:02.221062,0.9022117999999999,-10.7480884,-2.1182364
2022-04-28 02:36:02.221062,0.9414384,-10.7480884,-2.1182364
2022-04-28 02:36:02.221062,0.9414384,-10.7480884,-2.0397832
2022-04-28 02:36:02.221062,0.9022117999999999,-10.7480884,-2.0397832
2022-04-28 02:36:02.221062,0.8629851999999999,-10.7088618,-2.0790097999999997
2022-04-28 02:36:02.221062,0.9022117999999999,-10.7088618,-2.0790097999999997
2022-04-28 02:36:02.221062,0.9414384,-10.787315,-2.0790097999999997
2022-04-28 02:36:02.221062,0.9022117999999999,-10.7088618,-2.0397832
2022-04-28 02:36:02.221062,0.9414384,-10.7480884,-1.9221034
2022-04-28 02:36:02.221062,0.9022117999999999,-10.787315,-2.1182364
2022-04-28 02:36:02.221062,0.8629851999999999,-10.7088618,-2.0790097999999997
2022-04-28 02:36:02.221062,0.9022117999999999,-10.787315,-2.0790097999999997
2022-04-28 02:36:02.221062,0.9022117999999999,-10.7480884,-2.0790097999999997
2022-04-28 02:36:02.221062,0.9022117999999999,-10.7480884,-2.0397832
2022-04-28 02:36:02.221062,0.9022117999999999,-10.7480884,-2.1182364
2022-04-28 02:36:02.221062,0.9414384,-10.787315,-2.0790097999999997
2022-04-28 02:36:02.221062,0.9022117999999999,-10.7480884,-2.0397832
2022-04-28 02:36:02.221062,0.9022117999999999,-10.7480884,-2.0790097999999997
2022-04-28 02:36:02.221062,0.9022117999999999,-10.7088618,-2.1182364
2022-04-28 02:36:02.221062,0.9022117999999999,-10.7480884,-2.0397832
2022-04-28 02:36:02.221062,0.9414384,-10.7480884,-2.0790097999999997
2022-04-28 02:36:02.221062,0.9414384,-10.7480884,-2.0397832
2022-04-28 02:36:02.221062,0.9022117999999999,-10.7088618,-2.0397832
2022-04-28 02:36:02.221062,0.9022117999999999,-10.7088618,-2.1182364
2022-04-28 02:36:02.221062,0.9022117999999999,-10.7480884,-2.0790097999999997
2022-04-28 02:36:02.221062,0.9022117999999999,-10.7480884,-2.0790097999999997
2022-04-28 02:36:02.221062,0.9022117999999999,-10.7480884,-2.0397832
2022-04-28 02:36:02.221062,0.9022117999999999,-10.7480884,-2.0397832
2022-04-28 02:36:02.221062,0.9022117999999999,-10.7088618,-2.0005566
2022-04-28 02:36:02.221062,0.9022117999999999,-10.7088618,-2.0005566
2022-04-28 02:36:02.221062,0.9414384,-10.7480884,-2.0790097999999997
2022-04-28 02:36:02.221062,0.9022117999999999,-10.7088618,-2.0397832
2022-04-28 02:36:02.221062,0.9414384,-10.787315,-2.1182364
2022-04-28 02:36:02.221062,0.9414384,-10.7480884,-2.0005566
2022-04-28 02:36:02.221062,0.9414384,-10.787315,-2.0790097999999997
2022-04-28 02:36:02.221062,0.9414384,-10.7480884,-2.1182364
2022-04-28 02:36:02.221062,0.9022117999999999,-10.7480884,-2.1182364
2022-04-28 02:36:02.221062,0.9414384,-10.7480884,-2.0790097999999997
2022-04-28 02:36:02.221062,0.9022117999999999,-10.7480884,-2.0397832
2022-04-28 02:36:02.221062,0.9022117999999999,-10.7088618,-2.0790097999999997
2022-04-28 02:36:02.221062,0.9022117999999999,-10.7088618,-2.0397832
2022-04-28 02:36:02.221062,0.9022117999999999,-10.7088618,-2.0397832
2022-04-28 02:36:02.221062,0.9022117999999999,-10.7480884,-2.0790097999999997
2022-04-28 02:36:02.221062,0.9414384,-10.7088618,-2.0790097999999997
2022-04-28 02:36:02.221062,0.9022117999999999,-10.7088618,-2.0790097999999997
2022-04-28 02:36:02.221062,0.9022117999999999,-10.7480884,-2.0397832
2022-04-28 02:36:02.221062,0.9022117999999999,-10.7088618,-2.0790097999999997
2022-04-28 02:36:02.221062,0.9022117999999999,-10.7088618,-2.0005566
2022-04-28 02:36:02.221062,0.980665,-10.787315,-2.0005566
2022-04-28 02:36:02.221062,0.9022117999999999,-10.7088618,-2.0790097999999997
2022-04-28 02:36:02.221062,0.9414384,-10.7480884,-2.1182364
2022-04-28 02:36:02.221062,0.8629851999999999,-10.7088618,-2.0790097999999997
2022-04-28 02:36:02.221062,0.9022117999999999,-10.7088618,-2.0790097999999997
2022-04-28 02:36:02.221062,0.9414384,-10.7480884,-2.0790097999999997
2022-04-28 02:36:02.221062,0.9022117999999999,-10.787315,-2.1182364
2022-04-28 02:36:02.221062,0.9022117999999999,-10.7480884,-2.0790097999999997
2022-04-28 02:36:02.221062,0.9022117999999999,-10.7088618,-2.1182364
2022-04-28 02:36:02.221062,0.9022117999999999,-10.7480884,-2.0397832
2022-04-28 02:36:02.221062,0.9414384,-10.7480884,-2.0790097999999997
2022-04-28 02:36:02.221062,0.9022117999999999,-10.7480884,-2.0397832
2022-04-28 02:36:02.221062,0.9414384,-10.787315,-2.0397832
2022-04-28 02:36:02.221062,0.9022117999999999,-10.7480884,-2.0005566
2022-04-28 02:36:02.221062,0.9022117999999999,-10.7088618,-2.0790097999999997
2022-04-28 02:36:02.221062,0.9022117999999999,-10.7480884,-2.0790097999999997
2022-04-28 02:36:02.221062,0.9414384,-10.7480884,-2.0790097999999997
2022-04-28 02:36:02.221062,0.8629851999999999,-10.7088618,-2.0005566
2022-04-28 02:36:02.221062,0.9022117999999999,-10.7480884,-2.0790097999999997
2022-04-28 02:36:02.221062,0.9022117999999999,-10.7088618,-2.0790097999999997
2022-04-28 02:36:02.221062,0.9022117999999999,-10.7088618,-2.0397832
2022-04-28 02:36:02.221062,0.9414384,-10.7480884,-2.0790097999999997
2022-04-28 02:36:02.221062,0.9022117999999999,-10.7480884,-2.0397832
2022-04-28 02:36:02.221062,0.9022117999999999,-10.7480884,-2.1182364
2022-04-28 02:36:02.221062,0.9414384,-10.787315,-2.0790097999999997
2022-04-28 02:36:02.221062,0.8629851999999999,-10.6696352,-2.0397832
2022-04-28 02:36:02.221062,0.9414384,-10.7480884,-2.0397832
2022-04-28 02:36:02.221062,0.9414384,-10.7480884,-2.1182364
2022-04-28 02:36:02.221062,0.9414384,-10.7480884,-2.0005566
2022-04-28 02:36:02.221062,0.9022117999999999,-10.7480884,-2.0790097999999997
2022-04-28 02:36:02.221062,0.9022117999999999,-10.6696352,-2.0397832
2022-04-28 02:36:02.221062,0.9022117999999999,-10.6696352,-2.0005566
2022-04-28 02:36:02.221062,0.9022117999999999,-10.7088618,-2.0397832
2022-04-28 02:36:02.221062,0.9414384,-10.7480884,-2.0397832
2022-04-28 02:36:02.221062,0.9022117999999999,-10.787315,-2.0397832
2022-04-28 02:36:02.221062,0.9022117999999999,-10.7480884,-2.0397832
2022-04-28 02:36:02.221062,0.9022117999999999,-10.7480884,-2.0397832
2022-04-28 02:36:02.221062,0.9022117999999999,-10.7480884,-2.1182364
2022-04-28 02:36:02.221062,0.8629851999999999,-10.7088618,-2.0790097999999997
2022-04-28 02:36:02.221062,0.9414384,-10.7088618,-2.0397832
2022-04-28 02:36:02.221062,0.9022117999999999,-10.7480884,-2.0005566
2022-04-28 02:36:02.221062,0.9022117999999999,-10.7088618,-2.0397832
2022-04-28 02:36:02.221062,0.9022117999999999,-10.7480884,-2.0397832
2022-04-28 02:36:02.221062,0.9022117999999999,-10.7088618,-2.0790097999999997
2022-04-28 02:36:02.221062,0.8629851999999999,-10.7088618,-2.0790097999999997
2022-04-28 02:36:02.221062,0.9414384,-10.7480884,-2.0790097999999997
2022-04-28 02:36:02.221062,0.9022117999999999,-10.7480884,-2.0397832
2022-04-28 02:36:02.221062,0.9414384,-10.7088618,-2.0790097999999997
2022-04-28 02:36:02.221062,0.9414384,-10.7480884,-2.0005566
2022-04-28 02:36:02.221062,0.9022117999999999,-10.7480884,-2.157463
2022-04-28 02:36:02.221062,0.9414384,-10.787315,-2.0397832
2022-04-28 02:36:02.221062,0.9022117999999999,-10.7480884,-2.1182364
2022-04-28 02:36:02.221062,0.9022117999999999,-10.787315,-2.0790097999999997
2022-04-28 02:36:02.221062,0.9022117999999999,-10.7480884,-2.1182364
2022-04-28 02:36:02.221062,0.9022117999999999,-10.7480884,-2.0397832
2022-04-28 02:36:02.221062,0.9022117999999999,-10.7088618,-2.1182364
2022-04-28 02:36:02.221062,0.9414384,-10.7088618,-2.0397832
2022-04-28 02:36:02.221062,0.9414384,-10.7480884,-2.0790097999999997
2022-04-28 02:36:02.221062,0.9022117999999999,-10.7088618,-2.0790097999999997
2022-04-28 02:36:02.221062,0.9022117999999999,-10.7088618,-2.0005566
2022-04-28 02:36:02.221062,0.9022117999999999,-10.7480884,-2.0397832
2022-04-28 02:36:02.221062,0.9022117999999999,-10.7480884,-2.0790097999999997
2022-04-28 02:36:02.221062,0.9414384,-10.7480884,-2.0790097999999997
2022-04-28 02:36:02.221062,0.9022117999999999,-10.7480884,-2.0790097999999997
2022-04-28 02:36:02.221062,0.9022117999999999,-10.7480884,-2.1182364
2022-04-28 02:36:02.221062,0.9022117999999999,-10.7480884,-2.1182364
2022-04-28 02:36:02.221062,0.9022117999999999,-10.7088618,-2.0790097999999997
2022-04-28 02:36:02.221062,0.9414384,-10.7480884,-2.0397832
2022-04-28 02:36:02.221062,0.9022117999999999,-10.7088618,-2.0397832
2022-04-28 02:36:02.221062,0.9414384,-10.7480884,-2.0397832
2022-04-28 02:36:02.221062,0.9022117999999999,-10.7480884,-2.0397832
2022-04-28 02:36:02.221062,0.9022117999999999,-10.7480884,-2.0397832
2022-04-28 02:36:02.221062,0.9022117999999999,-10.7088618,-2.0005566
2022-04-28 02:36:02.221062,0.9414384,-10.787315,-2.157463
2022-04-28 02:36:02.221062,0.9022117999999999,-10.7088618,-2.1182364
2022-04-28 02:36:02.221062,0.9414384,-10.7480884,-2.0397832
2022-04-28 02:36:02.221062,0.9022117999999999,-10.7088618,-2.0397832
2022-04-28 02:36:02.221062,0.9414384,-10.7480884,-2.0005566
2022-04-28 02:36:02.221062,0.9414384,-10.7480884,-2.0790097999999997
2022-04-28 02:36:02.221062,0.9022117999999999,-10.7480884,-2.1182364
2022-04-28 02:36:02.221062,0.8629851999999999,-10.7088618,-2.0397832
2022-04-28 02:36:02.221062,0.9022117999999999,-10.7480884,-2.0790097999999997
2022-04-28 02:36:02.221062,0.9414384,-10.7480884,-2.0397832
2022-04-28 02:36:02.221062,0.9022117999999999,-10.7480884,-2.0397832
2022-04-28 02:36:02.221062,0.9022117999999999,-10.7480884,-2.0790097999999997
2022-04-28 02:36:02.221062,0.9022117999999999,-10.7480884,-2.0790097999999997
2022-04-28 02:36:02.221062,0.8629851999999999,-10.7088618,-2.0790097999999997
2022-04-28 02:36:02.221062,0.9022117999999999,-10.7088618,-2.1182364
2022-04-28 02:36:02.221062,0.9022117999999999,-10.7480884,-2.0005566
2022-04-28 02:36:02.221062,0.9414384,-10.787315,-2.0790097999999997
2022-04-28 02:36:02.221062,0.9022117999999999,-10.7088618,-2.1182364
2022-04-28 02:36:02.221062,0.9022117999999999,-10.7480884,-2.0005566
2022-04-28 02:36:02.221062,0.9022117999999999,-10.7088618,-2.0005566
2022-04-28 02:36:02.221062,0.9022117999999999,-10.7480884,-2.0790097999999997
2022-04-28 02:36:02.221062,0.9022117999999999,-10.7480884,-2.1182364
2022-04-28 02:36:02.221062,0.9022117999999999,-10.7088618,-2.0397832
2022-04-28 02:36:02.221062,0.9022117999999999,-10.787315,-2.0790097999999997
2022-04-28 02:36:02.221062,0.9022117999999999,-10.7480884,-2.0790097999999997
2022-04-28 02:36:02.221062,0.9022117999999999,-10.7480884,-2.0397832
2022-04-28 02:36:02.221062,0.9022117999999999,-10.7480884,-2.0790097999999997
2022-04-28 02:36:02.221062,0.9022117999999999,-10.7480884,-2.1182364
2022-04-28 02:36:02.221062,0.9414384,-10.7480884,-2.0790097999999997
2022-04-28 02:36:02.221062,0.9022117999999999,-10.7088618,-2.1182364
2022-04-28 02:36:02.221062,0.9022117999999999,-10.7480884,-2.1182364
2022-04-28 02:36:02.221062,0.9414384,-10.7480884,-2.0005566
2022-04-28 02:36:02.221062,0.9022117999999999,-10.7480884,-2.157463
2022-04-28 02:36:02.221062,0.9414384,-10.7480884,-2.0397832
2022-04-28 02:36:02.221062,0.9414384,-10.7480884,-2.0397832
2022-04-28 02:36:02.221062,0.9022117999999999,-10.7088618,-2.0790097999999997
2022-04-28 02:36:02.221062,0.9414384,-10.7088618,-2.0790097999999997
2022-04-28 02:36:02.221062,0.8629851999999999,-10.7088618,-2.0790097999999997
2022-04-28 02:36:02.221062,0.9022117999999999,-10.7480884,-2.0397832
2022-04-28 02:36:02.221062,0.8629851999999999,-10.7088618,-2.0790097999999997
2022-04-28 02:36:02.221062,0.9414384,-10.7088618,-2.0397832
2022-04-28 02:36:02.221062,0.9022117999999999,-10.7088618,-2.0790097999999997
2022-04-28 02:36:02.221062,0.9022117999999999,-10.7480884,-2.0790097999999997
2022-04-28 02:36:02.221062,0.9022117999999999,-10.7480884,-2.0790097999999997
2022-04-28 02:36:02.221062,0.9022117999999999,-10.7088618,-2.0397832
2022-04-28 02:36:02.221062,0.9022117999999999,-10.7480884,-2.0790097999999997
2022-04-28 02:36:02.221062,0.9022117999999999,-10.7088618,-2.0790097999999997
2022-04-28 02:36:02.221062,0.9414384,-10.7088618,-2.0790097999999997
2022-04-28 02:36:02.221062,0.9022117999999999,-10.7088618,-2.0790097999999997
2022-04-28 02:36:02.221062,0.9022117999999999,-10.7480884,-2.0790097999999997
2022-04-28 02:36:02.221062,0.9022117999999999,-10.7088618,-2.0397832
2022-04-28 02:36:02.221062,0.9414384,-10.7088618,-2.0397832
2022-04-28 02:36:02.221062,0.9022117999999999,-10.7088618,-2.0397832
2022-04-28 02:36:02.221062,0.9022117999999999,-10.7480884,-2.0790097999999997
2022-04-28 02:36:02.221062,0.9022117999999999,-10.7088618,-2.0397832
2022-04-28 02:36:02.221062,0.9022117999999999,-10.7480884,-2.0790097999999997
2022-04-28 02:36:02.221062,0.8629851999999999,-10.7088618,-2.0397832
2022-04-28 02:36:02.221062,0.8629851999999999,-10.7088618,-2.0397832
2022-04-28 02:36:02.221062,0.9022117999999999,-10.7480884,-2.0397832
2022-04-28 02:36:02.221062,0.9022117999999999,-10.7480884,-2.0005566
2022-04-28 02:36:02.221062,0.9414384,-10.7480884,-2.0790097999999997
2022-04-28 02:36:02.221062,0.9022117999999999,-10.7480884,-2.0790097999999997
2022-04-28 02:36:02.221062,0.9022117999999999,-10.7480884,-2.1182364
2022-04-28 02:36:02.221062,0.9022117999999999,-10.7480884,-2.0790097999999997
2022-04-28 02:36:02.221062,0.8629851999999999,-10.7088618,-2.1182364
2022-04-28 02:36:02.221062,0.9022117999999999,-10.7088618,-2.0790097999999997
2022-04-28 02:36:02.221062,0.9022117999999999,-10.7088618,-2.0790097999999997
2022-04-28 02:36:02.221062,0.9022117999999999,-10.7480884,-2.0790097999999997
2022-04-28 02:36:02.221062,0.9414384,-10.787315,-2.0790097999999997
2022-04-28 02:36:02.221062,0.9022117999999999,-10.7480884,-2.0397832
2022-04-28 02:36:02.221062,0.9022117999999999,-10.7088618,-2.0397832
2022-04-28 02:36:02.221062,0.9022117999999999,-10.7088618,-1.96133
2022-04-28 02:36:02.221062,0.9022117999999999,-10.7480884,-2.0790097999999997
2022-04-28 02:36:02.221062,0.8629851999999999,-10.7480884,-2.0397832
2022-04-28 02:36:02.221062,0.9414384,-10.7480884,-2.0790097999999997
2022-04-28 02:36:02.221062,0.9414384,-10.7480884,-2.0397832
2022-04-28 02:36:02.221062,0.9022117999999999,-10.7480884,-2.0397832
2022-04-28 02:36:02.221062,0.9022117999999999,-10.7480884,-2.0397832
2022-04-28 02:36:02.221062,0.9414384,-10.7480884,-2.0397832
2022-04-28 02:36:02.221062,0.9022117999999999,-10.7088618,-2.0005566
2022-04-28 02:36:02.221062,0.9022117999999999,-10.7088618,-2.0005566
2022-04-28 02:36:02.221062,0.9022117999999999,-10.7480884,-2.0005566
2022-04-28 02:36:02.221062,0.9022117999999999,-10.7088618,-2.0005566
2022-04-28 02:36:02.221062,0.9022117999999999,-10.7480884,-2.0005566
2022-04-28 02:36:02.221062,0.9022117999999999,-10.7088618,-1.96133
2022-04-28 02:36:02.221062,0.9022117999999999,-10.7480884,-2.0790097999999997
2022-04-28 02:36:02.221062,0.8629851999999999,-10.7088618,-2.0790097999999997
2022-04-28 02:36:02.221062,0.9022117999999999,-10.787315,-2.0790097999999997
2022-04-28 02:36:02.221062,0.8629851999999999,-10.7480884,-2.0397832
2022-04-28 02:36:02.221062,0.9414384,-10.7480884,-2.0397832
2022-04-28 02:36:02.221062,0.980665,-10.787315,-2.0790097999999997
2022-04-28 02:36:02.221062,0.9022117999999999,-10.7088618,-2.0397832
2022-04-28 02:36:02.221062,0.9022117999999999,-10.7088618,-2.0790097999999997
2022-04-28 02:36:02.221062,0.8629851999999999,-10.7480884,-2.0397832
2022-04-28 02:36:02.221062,0.9022117999999999,-10.7480884,-2.0397832
2022-04-28 02:36:02.221062,0.9022117999999999,-10.7480884,-2.0790097999999997
2022-04-28 02:36:02.221062,0.8629851999999999,-10.7088618,-2.0790097999999997
2022-04-28 02:36:02.221062,0.9414384,-10.7480884,-2.0005566
2022-04-28 02:36:02.221062,0.9022117999999999,-10.7480884,-2.0397832
2022-04-28 02:36:02.221062,0.8629851999999999,-10.7480884,-2.0397832
2022-04-28 02:36:02.221062,0.9022117999999999,-10.7088618,-2.0005566
2022-04-28 02:36:02.221062,0.9414384,-10.7088618,-2.0397832
2022-04-28 02:36:02.221062,0.9022117999999999,-10.7480884,-2.0397832
2022-04-28 02:36:02.221062,0.9414384,-10.7480884,-2.1182364
2022-04-28 02:36:02.221062,0.9022117999999999,-10.787315,-2.0397832
2022-04-28 02:36:02.221062,0.9414384,-10.7480884,-2.0397832
2022-04-28 02:36:02.221062,0.9022117999999999,-10.7480884,-2.0005566
2022-04-28 02:36:02.221062,0.8629851999999999,-10.7088618,-2.0397832
2022-04-28 02:36:02.221062,0.9414384,-10.787315,-2.0790097999999997
2022-04-28 02:36:02.221062,0.8629851999999999,-10.7088618,-2.0397832
2022-04-28 02:36:02.221062,0.9022117999999999,-10.6696352,-2.0790097999999997
2022-04-28 02:36:02.221062,0.9022117999999999,-10.7088618,-2.0790097999999997
2022-04-28 02:36:02.221062,0.8629851999999999,-10.7088618,-2.1182364
2022-04-28 02:36:02.221062,0.9022117999999999,-10.7480884,-2.0397832
2022-04-28 02:36:02.221062,0.9022117999999999,-10.7088618,-2.0397832
2022-04-28 02:36:02.221062,0.9022117999999999,-10.7480884,-2.1182364
2022-04-28 02:36:02.221062,0.9022117999999999,-10.7480884,-2.0790097999999997
2022-04-28 02:36:02.221062,0.8629851999999999,-10.7088618,-2.0397832
2022-04-28 02:36:02.221062,0.9022117999999999,-10.7480884,-2.0790097999999997
2022-04-28 02:36:02.221062,0.9414384,-10.7480884,-2.0790097999999997
2022-04-28 02:36:02.221062,0.8629851999999999,-10.7480884,-2.0790097999999997
2022-04-28 02:36:02.221062,0.9414384,-10.7480884,-2.0790097999999997
2022-04-28 02:36:02.221062,0.8629851999999999,-10.7480884,-2.0790097999999997
2022-04-28 02:36:02.221062,0.9022117999999999,-10.7480884,-2.0005566
2022-04-28 02:36:02.221062,0.9022117999999999,-10.7088618,-2.1182364
2022-04-28 02:36:02.221062,0.9022117999999999,-10.7480884,-2.0397832
2022-04-28 02:36:02.221062,0.9414384,-10.7088618,-2.0790097999999997
2022-04-28 02:36:02.221062,0.9022117999999999,-10.7480884,-2.0397832
2022-04-28 02:36:02.221062,0.9414384,-10.7480884,-2.0005566
2022-04-28 02:36:02.221062,0.9022117999999999,-10.7088618,-2.0397832
2022-04-28 02:36:02.221062,0.9022117999999999,-10.7480884,-2.1182364
2022-04-28 02:36:02.221062,0.9022117999999999,-10.7480884,-2.0397832
2022-04-28 02:36:02.221062,0.9022117999999999,-10.7088618,-2.0397832
2022-04-28 02:36:02.221062,0.9414384,-10.7480884,-2.0005566
2022-04-28 02:36:02.221062,0.9022117999999999,-10.787315,-2.0397832
2022-04-28 02:36:02.221062,0.9022117999999999,-10.7480884,-2.0397832
2022-04-28 02:36:02.221062,0.9022117999999999,-10.7480884,-2.0397832
2022-04-28 02:36:02.221062,0.9022117999999999,-10.7088618,-2.0790097999999997
2022-04-28 02:36:02.221062,0.8629851999999999,-10.7088618,-2.0397832
2022-04-28 02:36:02.221062,0.9022117999999999,-10.7480884,-2.0397832
2022-04-28 02:36:02.221062,0.9414384,-10.787315,-2.0397832
2022-04-28 02:36:02.221062,0.9022117999999999,-10.7088618,-2.0005566
2022-04-28 02:36:02.221062,0.980665,-10.7480884,-2.0397832
2022-04-28 02:36:02.221062,0.8629851999999999,-10.7480884,-2.0790097999999997
2022-04-28 02:36:02.221062,0.9414384,-10.787315,-2.0005566
2022-04-28 02:36:02.221062,0.9022117999999999,-10.7088618,-2.0005566
2022-04-28 02:36:02.221062,0.9022117999999999,-10.787315,-2.0397832
2022-04-28 02:36:02.221062,0.9022117999999999,-10.7480884,-2.0397832
2022-04-28 02:36:02.221062,0.9022117999999999,-10.7480884,-2.0397832
2022-04-28 02:36:02.221062,0.9022117999999999,-10.7480884,-2.0397832
2022-04-28 02:36:02.221062,0.9022117999999999,-10.7480884,-2.0005566
2022-04-28 02:36:02.221062,0.8629851999999999,-10.7088618,-2.0397832
2022-04-28 02:36:02.221062,0.9022117999999999,-10.7480884,-2.1182364
2022-04-28 02:36:02.221062,0.9022117999999999,-10.7480884,-2.0790097999999997
2022-04-28 02:36:02.221062,0.9022117999999999,-10.7480884,-2.0790097999999997
2022-04-28 02:36:02.221062,0.9022117999999999,-10.7088618,-2.1182364
2022-04-28 02:36:02.221062,0.8629851999999999,-10.7088618,-2.0005566
2022-04-28 02:36:02.221062,0.9414384,-10.787315,-2.0397832
2022-04-28 02:36:02.221062,0.9414384,-10.787315,-2.0397832
2022-04-28 02:36:02.221062,0.9022117999999999,-10.7480884,-2.1182364
2022-04-28 02:36:02.221062,0.9022117999999999,-10.7480884,-2.0790097999999997
2022-04-28 02:36:02.221062,0.9022117999999999,-10.7480884,-2.0790097999999997
2022-04-28 02:36:02.221062,0.9022117999999999,-10.7088618,-2.0790097999999997
2022-04-28 02:36:02.221062,0.8629851999999999,-10.7088618,-2.0397832
2022-04-28 02:36:02.221062,0.9022117999999999,-10.7480884,-2.0790097999999997
2022-04-28 02:36:02.221062,0.8629851999999999,-10.7480884,-2.1182364
2022-04-28 02:36:02.221062,0.9022117999999999,-10.7480884,-2.0005566
2022-04-28 02:36:02.221062,0.8629851999999999,-10.6696352,-2.1182364
2022-04-28 02:36:02.221062,0.9022117999999999,-10.7088618,-2.0397832
2022-04-28 02:36:02.221062,0.9022117999999999,-10.7088618,-2.0005566
2022-04-28 02:36:02.221062,0.9022117999999999,-10.7480884,-2.0397832
2022-04-28 02:36:02.221062,0.9022117999999999,-10.7088618,-2.0397832
2022-04-28 02:36:02.221062,0.9022117999999999,-10.7480884,-2.0005566
2022-04-28 02:36:02.221062,0.9414384,-10.7480884,-2.0005566
2022-04-28 02:36:02.221062,0.9414384,-10.7480884,-2.0790097999999997
2022-04-28 02:36:02.221062,0.9022117999999999,-10.787315,-2.0790097999999997
2022-04-28 02:36:02.221062,0.9022117999999999,-10.7088618,-2.0790097999999997
2022-04-28 02:36:02.221062,0.9022117999999999,-10.787315,-2.0397832
2022-04-28 02:36:02.221062,0.9022117999999999,-10.7088618,-2.0790097999999997
2022-04-28 02:36:02.221062,0.9022117999999999,-10.7088618,-2.0790097999999997
2022-04-28 02:36:02.221062,0.9022117999999999,-10.7480884,-2.1182364
2022-04-28 02:36:02.221062,0.9022117999999999,-10.787315,-2.0005566
2022-04-28 02:36:02.221062,0.9022117999999999,-10.7480884,-2.0005566
2022-04-28 02:36:02.221062,0.9022117999999999,-10.7480884,-2.1182364
2022-04-28 02:36:02.221062,0.9022117999999999,-10.7480884,-2.0790097999999997
2022-04-28 02:36:02.221062,0.9414384,-10.787315,-2.0397832
2022-04-28 02:36:02.221062,0.9022117999999999,-10.7088618,-2.0005566
2022-04-28 02:36:02.221062,0.9022117999999999,-10.7480884,-2.0790097999999997
2022-04-28 02:36:02.221062,0.9022117999999999,-10.7480884,-2.0005566
2022-04-28 02:36:02.221062,0.9022117999999999,-10.7088618,-2.0005566
2022-04-28 02:36:02.221062,0.9414384,-10.787315,-2.0790097999999997
2022-04-28 02:36:02.221062,0.9022117999999999,-10.7088618,-2.0397832
2022-04-28 02:36:02.221062,0.9022117999999999,-10.7480884,-2.0790097999999997
2022-04-28 02:36:02.221062,0.8629851999999999,-10.7480884,-2.0005566
2022-04-28 02:36:02.221062,0.9022117999999999,-10.7480884,-2.0005566
2022-04-28 02:36:02.221062,0.8629851999999999,-10.7088618,-2.0397832
2022-04-28 02:36:02.221062,0.9022117999999999,-10.7088618,-2.0397832
2022-04-28 02:36:02.221062,0.9022117999999999,-10.7480884,-2.0005566
2022-04-28 02:36:02.221062,0.8629851999999999,-10.7480884,-2.0790097999999997
2022-04-28 02:36:02.221062,0.9022117999999999,-10.7088618,-2.0397832
2022-04-28 02:36:02.221062,0.9414384,-10.7088618,-2.0397832
2022-04-28 02:36:02.221062,0.9022117999999999,-10.7480884,-2.0790097999999997
2022-04-28 02:36:02.221062,0.9022117999999999,-10.7088618,-2.0397832
2022-04-28 02:36:02.221062,0.9022117999999999,-10.7480884,-2.0397832
2022-04-28 02:36:02.221062,0.9022117999999999,-10.7088618,-2.0397832
2022-04-28 02:36:02.221062,0.9414384,-10.7480884,-2.0005566
2022-04-28 02:36:02.221062,0.9414384,-10.7480884,-2.0790097999999997
2022-04-28 02:36:02.221062,0.9414384,-10.7480884,-2.0005566
2022-04-28 02:36:02.221062,0.9414384,-10.7088618,-2.0397832
2022-04-28 02:36:02.221062,0.9414384,-10.787315,-2.0005566
2022-04-28 02:36:02.221062,0.9022117999999999,-10.7088618,-2.0397832
2022-04-28 02:36:02.221062,0.9414384,-10.7480884,-2.0397832
2022-04-28 02:36:02.221062,0.9414384,-10.7480884,-2.0397832
2022-04-28 02:36:02.221062,0.9022117999999999,-10.7480884,-2.0397832
2022-04-28 02:36:02.221062,0.9022117999999999,-10.7480884,-2.0005566
2022-04-28 02:36:02.221062,0.9022117999999999,-10.7088618,-2.0005566
2022-04-28 02:36:02.221062,0.8629851999999999,-10.7480884,-2.0790097999999997
2022-04-28 02:36:02.221062,0.8629851999999999,-10.7480884,-2.0790097999999997
2022-04-28 02:36:02.221062,0.9022117999999999,-10.7088618,-2.0397832
2022-04-28 02:36:02.221062,0.8629851999999999,-10.7088618,-2.0790097999999997
2022-04-28 02:36:02.221062,0.9022117999999999,-10.7088618,-2.0397832
2022-04-28 02:36:02.221062,0.9022117999999999,-10.7480884,-2.0397832
2022-04-28 02:36:02.221062,0.9022117999999999,-10.7480884,-2.0397832
2022-04-28 02:36:02.221062,0.9022117999999999,-10.7088618,-2.0005566
2022-04-28 02:36:02.221062,0.9414384,-10.7480884,-2.0397832
2022-04-28 02:36:02.221062,0.9022117999999999,-10.7480884,-2.0397832
2022-04-28 02:36:02.221062,0.9414384,-10.7480884,-2.0005566
2022-04-28 02:36:02.221062,0.9414384,-10.7480884,-2.0397832
2022-04-28 02:36:02.221062,0.9414384,-10.7480884,-2.0397832
2022-04-28 02:36:02.221062,0.9414384,-10.7480884,-2.0397832
2022-04-28 02:36:02.221062,0.9414384,-10.7480884,-2.0397832
2022-04-28 02:36:02.221062,0.8629851999999999,-10.7088618,-2.0790097999999997
2022-04-28 02:36:02.221062,0.9022117999999999,-10.7480884,-2.0397832
2022-04-28 02:36:02.221062,0.8629851999999999,-10.7480884,-2.0005566
2022-04-28 02:36:02.221062,0.9022117999999999,-10.7480884,-2.0397832
2022-04-28 02:36:02.221062,0.9022117999999999,-10.7480884,-2.0005566
2022-04-28 02:36:02.221062,0.9414384,-10.7480884,-2.0790097999999997
2022-04-28 02:36:02.221062,0.9022117999999999,-10.6696352,-1.96133
2022-04-28 02:36:02.221062,0.9022117999999999,-10.7480884,-2.0397832
2022-04-28 02:36:02.221062,0.9022117999999999,-10.7480884,-2.0790097999999997
2022-04-28 02:36:02.221062,0.9022117999999999,-10.6696352,-2.0790097999999997
2022-04-28 02:36:02.221062,0.9022117999999999,-10.787315,-2.0397832
2022-04-28 02:36:02.221062,0.8629851999999999,-10.7480884,-2.0790097999999997
2022-04-28 02:36:02.221062,0.9414384,-10.7480884,-2.0397832
2022-04-28 02:36:02.221062,0.9414384,-10.7088618,-2.0397832
2022-04-28 02:36:02.221062,0.8629851999999999,-10.7480884,-2.0790097999999997
2022-04-28 02:36:02.221062,0.9022117999999999,-10.7088618,-2.0005566
2022-04-28 02:36:02.221062,0.8629851999999999,-10.7088618,-2.0005566
2022-04-28 02:36:02.221062,0.9414384,-10.7480884,-2.0397832
2022-04-28 02:36:02.221062,0.9022117999999999,-10.787315,-2.0790097999999997
2022-04-28 02:36:02.221062,0.9022117999999999,-10.7480884,-1.96133
2022-04-28 02:36:02.221062,0.9022117999999999,-10.7088618,-2.0397832
2022-04-28 02:36:02.221062,0.9022117999999999,-10.7088618,-2.0005566
2022-04-28 02:36:02.221062,0.9022117999999999,-10.7480884,-2.0397832
2022-04-28 02:36:02.221062,0.9022117999999999,-10.7480884,-2.0790097999999997
2022-04-28 02:36:02.221062,0.9414384,-10.7480884,-2.0397832
2022-04-28 02:36:02.221062,0.9022117999999999,-10.7480884,-2.0790097999999997
2022-04-28 02:36:02.221062,0.9022117999999999,-10.7088618,-2.0005566
2022-04-28 02:36:02.221062,0.9022117999999999,-10.7088618,-2.0005566
2022-04-28 02:36:02.221062,0.9022117999999999,-10.7480884,-2.0397832
2022-04-28 02:36:02.221062,0.9414384,-10.7480884,-2.0790097999999997
2022-04-28 02:36:02.221062,0.9414384,-10.7088618,-2.0790097999999997
2022-04-28 02:36:02.221062,0.9022117999999999,-10.787315,-2.0397832
2022-04-28 02:36:02.221062,0.9022117999999999,-10.7480884,-2.0005566
2022-04-28 02:36:02.221062,0.9022117999999999,-10.7480884,-2.0005566
2022-04-28 02:36:02.221062,0.9022117999999999,-10.7480884,-2.0397832
2022-04-28 02:36:02.221062,0.9022117999999999,-10.7480884,-2.0005566
2022-04-28 02:36:02.221062,0.9022117999999999,-10.7480884,-2.0005566
2022-04-28 02:36:02.221062,0.9414384,-10.7088618,-2.0790097999999997
2022-04-28 02:36:02.221062,0.9022117999999999,-10.7088618,-2.0790097999999997
2022-04-28 02:36:02.221062,0.9022117999999999,-10.7480884,-2.0397832
2022-04-28 02:36:02.221062,0.8629851999999999,-10.7480884,-2.0005566
2022-04-28 02:36:02.221062,0.9022117999999999,-10.7480884,-2.0005566
2022-04-28 02:36:02.221062,0.9022117999999999,-10.7480884,-2.0790097999999997
2022-04-28 02:36:02.221062,0.9022117999999999,-10.7088618,-2.0397832
2022-04-28 02:36:02.221062,0.9022117999999999,-10.7088618,-2.0397832
2022-04-28 02:36:02.221062,0.9022117999999999,-10.7480884,-2.0790097999999997
2022-04-28 02:36:02.221062,0.9022117999999999,-10.7480884,-2.0397832
2022-04-28 02:36:02.221062,0.9022117999999999,-10.7480884,-2.0005566
2022-04-28 02:36:02.221062,0.9022117999999999,-10.787315,-2.0397832
2022-04-28 02:36:02.221062,0.9022117999999999,-10.7480884,-2.0397832
2022-04-28 02:36:02.221062,0.9022117999999999,-10.7480884,-2.0790097999999997
2022-04-28 02:36:02.221062,0.9022117999999999,-10.7088618,-2.0005566
2022-04-28 02:36:02.221062,0.8629851999999999,-10.7480884,-2.0790097999999997
2022-04-28 02:36:02.221062,0.9414384,-10.7480884,-2.1182364
2022-04-28 02:36:02.221062,0.8629851999999999,-10.7088618,-2.0397832
2022-04-28 02:36:02.221062,0.9414384,-10.7088618,-2.0397832
2022-04-28 02:36:02.221062,0.9022117999999999,-10.7480884,-2.0790097999999997
2022-04-28 02:36:02.221062,0.9414384,-10.7480884,-2.0397832
2022-04-28 02:36:02.221062,0.9022117999999999,-10.7480884,-2.0790097999999997
2022-04-28 02:36:02.221062,0.9022117999999999,-10.7480884,-2.0005566
2022-04-28 02:36:02.221062,0.9022117999999999,-10.7480884,-2.0790097999999997
2022-04-28 02:36:02.221062,0.9414384,-10.787315,-2.1182364
2022-04-28 02:36:02.221062,0.9022117999999999,-10.7480884,-2.0790097999999997
2022-04-28 02:36:02.221062,0.9022117999999999,-10.7480884,-2.0397832
2022-04-28 02:36:02.221062,0.9022117999999999,-10.7088618,-2.0397832
2022-04-28 02:36:02.221062,0.9414384,-10.7088618,-2.0397832
2022-04-28 02:36:02.221062,0.9022117999999999,-10.787315,-2.0397832
2022-04-28 02:36:02.221062,0.9022117999999999,-10.7480884,-2.0397832
2022-04-28 02:36:02.221062,0.9414384,-10.7088618,-2.0005566
2022-04-28 02:36:02.221062,0.9022117999999999,-10.6696352,-2.0790097999999997
2022-04-28 02:36:02.221062,0.9414384,-10.7480884,-2.0397832
2022-04-28 02:36:02.221062,0.8629851999999999,-10.7088618,-2.0397832
2022-04-28 02:36:02.221062,0.9414384,-10.7088618,-2.0790097999999997
2022-04-28 02:36:02.221062,0.9022117999999999,-10.7480884,-2.0397832
2022-04-28 02:36:02.221062,0.9022117999999999,-10.7480884,-2.0397832
2022-04-28 02:36:02.221062,0.8629851999999999,-10.7088618,-2.0397832
2022-04-28 02:36:02.221062,0.9022117999999999,-10.7088618,-2.0397832
2022-04-28 02:36:02.221062,0.9022117999999999,-10.787315,-2.0397832
2022-04-28 02:36:02.221062,0.9022117999999999,-10.7088618,-2.0397832
2022-04-28 02:36:02.221062,0.8629851999999999,-10.7088618,-2.1182364
2022-04-28 02:36:02.221062,0.9414384,-10.787315,-2.0790097999999997
2022-04-28 02:36:02.221062,0.9022117999999999,-10.787315,-2.0790097999999997
2022-04-28 02:36:02.221062,0.8629851999999999,-10.7088618,-2.0397832
2022-04-28 02:36:02.221062,0.9022117999999999,-10.7088618,-2.0790097999999997
2022-04-28 02:36:02.221062,0.9022117999999999,-10.7480884,-2.0397832
2022-04-28 02:36:02.221062,0.9414384,-10.7480884,-2.0005566
2022-04-28 02:36:02.221062,0.9022117999999999,-10.7480884,-2.0790097999999997
2022-04-28 02:36:02.221062,0.9414384,-10.7480884,-2.0397832
2022-04-28 02:36:02.221062,0.8629851999999999,-10.7480884,-2.0790097999999997
2022-04-28 02:36:02.221062,0.9022117999999999,-10.7480884,-2.0397832
2022-04-28 02:36:02.221062,0.9022117999999999,-10.7480884,-1.96133
2022-04-28 02:36:02.221062,0.9414384,-10.7088618,-2.0397832
2022-04-28 02:36:02.221062,0.9414384,-10.7088618,-2.0397832
2022-04-28 02:36:02.221062,0.9022117999999999,-10.7480884,-2.0790097999999997
2022-04-28 02:36:02.221062,0.9022117999999999,-10.7088618,-2.0005566
2022-04-28 02:36:02.221062,0.9022117999999999,-10.7480884,-2.0397832
2022-04-28 02:36:02.221062,0.9022117999999999,-10.7480884,-2.0790097999999997
2022-04-28 02:36:02.221062,0.9022117999999999,-10.787315,-2.0790097999999997
2022-04-28 02:36:02.221062,0.9022117999999999,-10.7480884,-2.0397832
2022-04-28 02:36:02.221062,0.9022117999999999,-10.7480884,-2.0790097999999997
2022-04-28 02:36:02.221062,0.8629851999999999,-10.7480884,-1.96133
2022-04-28 02:36:02.221062,0.9022117999999999,-10.7480884,-2.0005566
2022-04-28 02:36:02.221062,0.9022117999999999,-10.7480884,-2.1182364
2022-04-28 02:36:02.221062,0.9022117999999999,-10.7480884,-2.0397832
2022-04-28 02:36:02.221062,0.8629851999999999,-10.7088618,-2.0790097999999997
2022-04-28 02:36:02.221062,0.9022117999999999,-10.7480884,-2.0790097999999997
2022-04-28 02:36:02.221062,0.9022117999999999,-10.7480884,-2.0397832
2022-04-28 02:36:02.221062,0.9414384,-10.7480884,-2.0790097999999997
2022-04-28 02:36:02.221062,0.9022117999999999,-10.7480884,-2.0397832
2022-04-28 02:36:02.221062,0.9022117999999999,-10.7088618,-2.0397832
2022-04-28 02:36:02.221062,0.9414384,-10.787315,-2.0790097999999997
2022-04-28 02:36:02.221062,0.9022117999999999,-10.7480884,-2.0397832
2022-04-28 02:36:02.221062,0.8629851999999999,-10.7480884,-2.0397832
2022-04-28 02:36:02.221062,0.9414384,-10.7480884,-2.0397832
2022-04-28 02:36:02.221062,0.9022117999999999,-10.7480884,-2.0790097999999997
2022-04-28 02:36:02.221062,0.9414384,-10.787315,-2.0790097999999997
2022-04-28 02:36:02.221062,0.9414384,-10.7480884,-2.0397832
2022-04-28 02:36:02.221062,0.9022117999999999,-10.7480884,-2.0397832
2022-04-28 02:36:02.221062,0.8629851999999999,-10.7480884,-2.0397832
2022-04-28 02:36:02.221062,0.9022117999999999,-10.7480884,-2.0397832
2022-04-28 02:36:02.221062,0.9022117999999999,-10.7480884,-2.0790097999999997
2022-04-28 02:36:02.221062,0.9022117999999999,-10.7480884,-2.0790097999999997
2022-04-28 02:36:02.221062,0.9414384,-10.7480884,-2.0005566
2022-04-28 02:36:02.221062,0.9022117999999999,-10.7088618,-1.96133
2022-04-28 02:36:02.221062,0.9022117999999999,-10.7088618,-2.0397832
2022-04-28 02:36:02.221062,0.9022117999999999,-10.7088618,-2.0790097999999997
2022-04-28 02:36:02.221062,0.9022117999999999,-10.7088618,-2.0397832
2022-04-28 02:36:02.221062,0.9022117999999999,-10.7088618,-2.0397832
2022-04-28 02:36:02.221062,0.9022117999999999,-10.7480884,-2.0397832
2022-04-28 02:36:02.221062,0.8629851999999999,-10.7088618,-2.0397832
2022-04-28 02:36:02.221062,0.9022117999999999,-10.7088618,-2.0397832
2022-04-28 02:36:02.221062,0.9022117999999999,-10.7480884,-2.0790097999999997
2022-04-28 02:36:02.221062,0.9022117999999999,-10.787315,-2.0005566
2022-04-28 02:36:02.221062,0.8629851999999999,-10.7088618,-2.0790097999999997
2022-04-28 02:36:02.221062,0.9022117999999999,-10.7088618,-2.0397832
2022-04-28 02:36:02.221062,0.8629851999999999,-10.7088618,-2.0005566
2022-04-28 02:36:02.221062,0.9022117999999999,-10.7480884,-2.0397832
2022-04-28 02:36:02.221062,0.9022117999999999,-10.7088618,-2.0005566
2022-04-28 02:36:02.221062,0.9022117999999999,-10.7480884,-2.0790097999999997
2022-04-28 02:36:02.221062,0.9414384,-10.787315,-2.0005566
2022-04-28 02:36:02.221062,0.9414384,-10.7480884,-2.0397832
2022-04-28 02:36:02.221062,0.9022117999999999,-10.7088618,-2.0790097999999997
2022-04-28 02:36:02.221062,0.8629851999999999,-10.7088618,-2.0397832
2022-04-28 02:36:02.221062,0.9022117999999999,-10.7480884,-2.0397832
2022-04-28 02:36:02.221062,0.9022117999999999,-10.7088618,-2.0397832
2022-04-28 02:36:02.221062,0.9414384,-10.7480884,-2.0397832
2022-04-28 02:36:02.221062,0.8629851999999999,-10.7480884,-2.0005566
2022-04-28 02:36:02.221062,0.9414384,-10.787315,-2.0397832
2022-04-28 02:36:02.221062,0.8629851999999999,-10.7480884,-2.0005566
2022-04-28 02:36:02.221062,0.9022117999999999,-10.7480884,-2.0397832
2022-04-28 02:36:02.221062,0.9022117999999999,-10.7480884,-2.0005566
2022-04-28 02:36:02.221062,0.9022117999999999,-10.7480884,-1.96133
2022-04-28 02:36:02.221062,0.9022117999999999,-10.7480884,-1.96133
2022-04-28 02:36:02.221062,0.9022117999999999,-10.7480884,-1.96133
2022-04-28 02:36:02.221062,0.9022117999999999,-10.7480884,-2.0005566
2022-04-28 02:36:02.221062,0.9022117999999999,-10.7480884,-2.0397832
2022-04-28 02:36:02.221062,0.9022117999999999,-10.7088618,-2.0790097999999997
2022-04-28 02:36:02.221062,0.9022117999999999,-10.7480884,-2.0005566
2022-04-28 02:36:02.221062,0.8629851999999999,-10.7480884,-2.0790097999999997
2022-04-28 02:36:02.221062,0.9022117999999999,-10.7480884,-2.0005566
2022-04-28 02:36:02.221062,0.8629851999999999,-10.7088618,-2.0790097999999997
2022-04-28 02:36:02.221062,0.9022117999999999,-10.7088618,-2.0397832
2022-04-28 02:36:02.221062,0.9414384,-10.7088618,-2.0397832
2022-04-28 02:36:02.221062,0.9022117999999999,-10.7088618,-2.0790097999999997
2022-04-28 02:36:02.221062,0.9414384,-10.7480884,-2.0005566
2022-04-28 02:36:02.221062,0.9022117999999999,-10.787315,-1.96133
2022-04-28 02:36:02.221062,0.8629851999999999,-10.7088618,-2.0397832
2022-04-28 02:36:02.221062,0.9022117999999999,-10.7480884,-2.0790097999999997
2022-04-28 02:36:02.221062,0.9414384,-10.7480884,-2.0397832
2022-04-28 02:36:02.221062,0.9022117999999999,-10.7088618,-2.0005566
2022-04-28 02:36:02.221062,0.9414384,-10.7088618,-2.0397832
2022-04-28 02:36:02.221062,0.9022117999999999,-10.7480884,-2.0397832
2022-04-28 02:36:02.221062,0.9022117999999999,-10.7480884,-2.0790097999999997
2022-04-28 02:36:02.221062,0.9022117999999999,-10.7480884,-2.0005566
2022-04-28 02:36:02.221062,0.9414384,-10.7480884,-2.0790097999999997
2022-04-28 02:36:02.221062,0.9414384,-10.7480884,-2.0790097999999997
2022-04-28 02:36:02.221062,0.9022117999999999,-10.7088618,-2.0790097999999997
2022-04-28 02:36:02.221062,0.9022117999999999,-10.7088618,-2.0790097999999997
2022-04-28 02:36:02.221062,0.9022117999999999,-10.7480884,-1.96133
2022-04-28 02:36:02.221062,0.9022117999999999,-10.7480884,-2.0005566
2022-04-28 02:36:02.221062,0.9022117999999999,-10.7480884,-2.0790097999999997
2022-04-28 02:36:02.221062,0.9022117999999999,-10.7480884,-2.0005566
2022-04-28 02:36:02.221062,0.8629851999999999,-10.7480884,-2.0397832
2022-04-28 02:36:02.221062,0.8237586,-10.7480884,-2.0005566
2022-04-28 02:36:02.221062,0.9414384,-10.7480884,-2.0005566
2022-04-28 02:36:02.221062,0.9022117999999999,-10.787315,-2.0005566
2022-04-28 02:36:02.221062,0.980665,-10.7480884,-2.0397832
2022-04-28 02:36:02.221062,0.9022117999999999,-10.787315,-2.0005566
2022-04-28 02:36:02.221062,0.9414384,-10.7480884,-2.0005566
2022-04-28 02:36:02.221062,0.9022117999999999,-10.7480884,-2.0005566
2022-04-28 02:36:02.221062,0.9022117999999999,-10.7480884,-2.0397832
2022-04-28 02:36:02.221062,0.980665,-10.7480884,-2.0397832
2022-04-28 02:36:02.221062,0.8629851999999999,-10.7088618,-2.0397832
2022-04-28 02:36:02.221062,0.8629851999999999,-10.7480884,-2.0005566
2022-04-28 02:36:02.221062,0.9022117999999999,-10.7480884,-2.0005566
2022-04-28 02:36:02.221062,0.9022117999999999,-10.7088618,-2.0005566
2022-04-28 02:36:02.221062,0.9022117999999999,-10.7088618,-2.0397832
2022-04-28 02:36:02.221062,0.9022117999999999,-10.7480884,-1.96133
2022-04-28 02:36:02.221062,0.9022117999999999,-10.7480884,-2.0397832
2022-04-28 02:36:02.221062,0.8629851999999999,-10.7088618,-2.0397832
2022-04-28 02:36:02.221062,0.9022117999999999,-10.7480884,-2.0397832
2022-04-28 02:36:02.221062,0.9022117999999999,-10.7088618,-2.0790097999999997
2022-04-28 02:36:02.221062,0.8629851999999999,-10.7480884,-2.0397832
2022-04-28 02:36:02.221062,0.8629851999999999,-10.7088618,-2.0790097999999997
2022-04-28 02:36:02.221062,0.9022117999999999,-10.7480884,-2.0397832
2022-04-28 02:36:02.221062,0.9022117999999999,-10.7088618,-2.0397832
2022-04-28 02:36:02.221062,0.8629851999999999,-10.7088618,-2.0790097999999997
2022-04-28 02:36:02.221062,0.9022117999999999,-10.7088618,-2.0005566
2022-04-28 02:36:02.221062,0.9022117999999999,-10.7480884,-1.96133
2022-04-28 02:36:02.221062,0.9414384,-10.7480884,-2.0397832
2022-04-28 02:36:02.221062,0.9414384,-10.7480884,-2.0397832
2022-04-28 02:36:02.221062,0.9022117999999999,-10.7480884,-2.0790097999999997
2022-04-28 02:36:02.221062,0.8629851999999999,-10.7088618,-2.0397832
2022-04-28 02:36:02.221062,0.9022117999999999,-10.7480884,-2.0005566
2022-04-28 02:36:02.221062,0.9022117999999999,-10.7480884,-1.96133
2022-04-28 02:36:02.221062,0.8629851999999999,-10.7480884,-2.0397832
2022-04-28 02:36:02.221062,0.9414384,-10.7480884,-2.0005566
2022-04-28 02:36:02.221062,0.9022117999999999,-10.7480884,-2.0397832
2022-04-28 02:36:02.221062,0.9022117999999999,-10.7480884,-2.0397832
2022-04-28 02:36:02.221062,0.8629851999999999,-10.7480884,-2.0397832
2022-04-28 02:36:02.221062,0.9022117999999999,-10.7480884,-1.96133
2022-04-28 02:36:02.221062,0.8629851999999999,-10.7088618,-2.0790097999999997
2022-04-28 02:36:02.221062,0.9022117999999999,-10.787315,-2.0790097999999997
2022-04-28 02:36:02.221062,0.9414384,-10.7088618,-2.0397832
2022-04-28 02:36:02.221062,0.9022117999999999,-10.7480884,-2.0397832
2022-04-28 02:36:02.221062,0.9022117999999999,-10.7480884,-2.0005566
2022-04-28 02:36:02.221062,0.8629851999999999,-10.7088618,-2.0790097999999997
2022-04-28 02:36:02.221062,0.8237586,-10.7088618,-2.0005566
2022-04-28 02:36:02.221062,0.9414384,-10.7480884,-2.0005566
2022-04-28 02:36:02.221062,0.9022117999999999,-10.7088618,-2.0397832
2022-04-28 02:36:02.221062,0.8629851999999999,-10.7480884,-1.96133
2022-04-28 02:36:02.221062,0.9022117999999999,-10.7088618,-2.0397832
2022-04-28 02:36:02.221062,0.9414384,-10.7480884,-2.0397832
2022-04-28 02:36:02.221062,0.9022117999999999,-10.7480884,-2.0397832
2022-04-28 02:36:02.221062,0.9022117999999999,-10.7480884,-2.0397832
2022-04-28 02:36:02.221062,0.9022117999999999,-10.7480884,-2.0005566
2022-04-28 02:36:02.221062,0.8629851999999999,-10.7088618,-2.0790097999999997
2022-04-28 02:36:02.221062,0.9414384,-10.7088618,-2.0397832
2022-04-28 02:36:02.221062,0.9414384,-10.7480884,-2.0397832
2022-04-28 02:36:02.221062,0.8629851999999999,-10.7088618,-2.0005566
2022-04-28 02:36:02.221062,0.9022117999999999,-10.7480884,-2.0397832
2022-04-28 02:36:02.221062,0.9022117999999999,-10.6696352,-2.0790097999999997
2022-04-28 02:36:02.221062,0.8237586,-10.7480884,-2.0397832
2022-04-28 02:36:02.221062,0.9022117999999999,-10.7088618,-2.0397832
2022-04-28 02:36:02.221062,0.9022117999999999,-10.7088618,-2.0397832
2022-04-28 02:36:02.221062,0.9022117999999999,-10.7480884,-2.0397832
2022-04-28 02:36:02.221062,0.8629851999999999,-10.7088618,-2.0397832
2022-04-28 02:36:02.221062,0.9022117999999999,-10.7088618,-2.0397832
2022-04-28 02:36:02.221062,0.9022117999999999,-10.7088618,-1.96133
2022-04-28 02:36:02.221062,0.8629851999999999,-10.7480884,-2.0397832
2022-04-28 02:36:02.221062,0.9022117999999999,-10.7480884,-2.0790097999999997
2022-04-28 02:36:02.221062,0.9022117999999999,-10.7480884,-2.0397832
2022-04-28 02:36:02.221062,0.9022117999999999,-10.7088618,-2.0005566
2022-04-28 02:36:02.221062,0.8629851999999999,-10.7088618,-2.0790097999999997
2022-04-28 02:36:02.221062,0.9022117999999999,-10.7088618,-2.0397832
2022-04-28 02:36:02.221062,0.9022117999999999,-10.7480884,-2.0397832
2022-04-28 02:36:02.221062,0.9414384,-10.7480884,-2.0397832
2022-04-28 02:36:02.221062,0.9022117999999999,-10.7480884,-2.0005566
2022-04-28 02:36:02.221062,0.9022117999999999,-10.7088618,-2.0005566
2022-04-28 02:36:02.221062,0.9022117999999999,-10.7480884,-1.96133
2022-04-28 02:36:02.221062,0.9022117999999999,-10.7480884,-2.0397832
2022-04-28 02:36:02.221062,0.9414384,-10.7088618,-2.0397832
2022-04-28 02:36:02.221062,0.9022117999999999,-10.7480884,-2.0005566
2022-04-28 02:36:02.221062,0.9022117999999999,-10.7480884,-1.96133
2022-04-28 02:36:02.221062,0.9022117999999999,-10.7480884,-2.0397832
2022-04-28 02:36:02.221062,0.8629851999999999,-10.7480884,-2.0005566
2022-04-28 02:36:02.221062,0.9022117999999999,-10.787315,-2.0397832
2022-04-28 02:36:02.221062,0.8629851999999999,-10.7480884,-2.0790097999999997
2022-04-28 02:36:02.221062,0.9414384,-10.7480884,-2.0397832
2022-04-28 02:36:02.221062,0.9022117999999999,-10.7480884,-2.0397832
2022-04-28 02:36:02.221062,0.9022117999999999,-10.7480884,-2.0397832
2022-04-28 02:36:02.221062,0.9022117999999999,-10.7480884,-2.0397832
2022-04-28 02:36:02.221062,0.9414384,-10.7480884,-2.0397832
2022-04-28 02:36:02.221062,0.9022117999999999,-10.7480884,-2.0005566
2022-04-28 02:36:02.221062,0.9022117999999999,-10.7088618,-2.0397832
2022-04-28 02:36:02.221062,0.8629851999999999,-10.787315,-2.0397832
2022-04-28 02:36:02.221062,0.9022117999999999,-10.7088618,-2.0397832
2022-04-28 02:36:02.221062,0.9022117999999999,-10.7088618,-2.0397832
2022-04-28 02:36:02.221062,0.9414384,-10.7480884,-2.0005566
2022-04-28 02:36:02.221062,0.9022117999999999,-10.7088618,-2.0397832
2022-04-28 02:36:02.221062,0.980665,-10.7480884,-2.1182364
2022-04-28 02:36:02.221062,0.9022117999999999,-10.7088618,-2.0005566
2022-04-28 02:36:02.221062,0.9022117999999999,-10.7480884,-2.0790097999999997
2022-04-28 02:36:02.221062,0.8629851999999999,-10.7480884,-2.0790097999999997
2022-04-28 02:36:02.221062,0.9414384,-10.7480884,-2.0005566
2022-04-28 02:36:02.221062,0.9414384,-10.6696352,-2.0397832
2022-04-28 02:36:02.221062,0.8629851999999999,-10.7088618,-2.1182364
2022-04-28 02:36:02.221062,0.9022117999999999,-10.7088618,-2.0397832
2022-04-28 02:36:02.221062,0.9022117999999999,-10.7480884,-2.0005566
2022-04-28 02:36:02.221062,0.9414384,-10.7480884,-2.0397832
2022-04-28 02:36:02.221062,0.9022117999999999,-10.7480884,-2.0790097999999997
2022-04-28 02:36:02.221062,0.9022117999999999,-10.7480884,-2.0005566
2022-04-28 02:36:02.221062,0.9022117999999999,-10.7480884,-2.0397832
2022-04-28 02:36:02.221062,0.9022117999999999,-10.7480884,-2.0005566
2022-04-28 02:36:02.221062,0.9414384,-10.7480884,-2.0790097999999997
2022-04-28 02:36:02.221062,0.9414384,-10.7480884,-2.0397832
2022-04-28 02:36:02.221062,0.9022117999999999,-10.7480884,-2.0397832
2022-04-28 02:36:02.221062,0.9022117999999999,-10.7088618,-2.0397832
2022-04-28 02:36:02.221062,0.9022117999999999,-10.7480884,-2.0005566
2022-04-28 02:36:02.221062,0.9414384,-10.7088618,-2.0397832
2022-04-28 02:36:02.221062,0.8629851999999999,-10.7480884,-2.0397832
2022-04-28 02:36:02.221062,0.8629851999999999,-10.7480884,-2.0397832
2022-04-28 02:36:02.221062,0.9414384,-10.7480884,-2.0397832
2022-04-28 02:36:02.221062,0.9022117999999999,-10.7088618,-2.0790097999999997
2022-04-28 02:36:02.221062,0.9022117999999999,-10.7088618,-2.0790097999999997
2022-04-28 02:36:02.221062,0.9022117999999999,-10.7480884,-2.0397832
2022-04-28 02:36:02.221062,0.9414384,-10.7480884,-2.0005566
2022-04-28 02:36:02.221062,0.8629851999999999,-10.7088618,-2.0790097999999997
2022-04-28 02:36:02.221062,0.9022117999999999,-10.7480884,-2.0790097999999997
2022-04-28 02:36:02.221062,0.8629851999999999,-10.7480884,-1.96133
2022-04-28 02:36:02.221062,0.8237586,-10.7480884,-2.0397832
2022-04-28 02:36:02.221062,0.9022117999999999,-10.7480884,-2.0005566
2022-04-28 02:36:02.221062,0.8629851999999999,-10.7480884,-2.0005566
2022-04-28 02:36:02.221062,0.9022117999999999,-10.7480884,-2.0397832
2022-04-28 02:36:02.221062,0.9022117999999999,-10.7480884,-1.96133
2022-04-28 02:36:02.221062,0.9414384,-10.7480884,-2.0397832
2022-04-28 02:36:02.221062,0.9022117999999999,-10.787315,-2.0790097999999997
2022-04-28 02:36:02.221062,0.9022117999999999,-10.7480884,-2.0790097999999997
2022-04-28 02:36:02.221062,0.8629851999999999,-10.7088618,-2.0790097999999997
2022-04-28 02:36:02.221062,0.9022117999999999,-10.787315,-2.0397832
2022-04-28 02:36:02.221062,0.9022117999999999,-10.7480884,-2.0397832
2022-04-28 02:36:02.221062,0.9022117999999999,-10.7480884,-2.0397832
2022-04-28 02:36:02.221062,0.8629851999999999,-10.7088618,-2.0005566
2022-04-28 02:36:02.221062,0.9022117999999999,-10.7480884,-2.0397832
2022-04-28 02:36:02.221062,0.9022117999999999,-10.7480884,-2.0397832
2022-04-28 02:36:02.221062,0.9022117999999999,-10.7088618,-2.0005566
2022-04-28 02:36:02.221062,0.9022117999999999,-10.7480884,-2.0005566
2022-04-28 02:36:02.221062,0.9022117999999999,-10.7480884,-2.0397832
2022-04-28 02:36:02.221062,0.9414384,-10.7088618,-2.0397832
2022-04-28 02:36:02.221062,0.9022117999999999,-10.787315,-2.0005566
2022-04-28 02:36:02.221062,0.9022117999999999,-10.7088618,-2.0790097999999997
2022-04-28 02:36:02.221062,0.9022117999999999,-10.7088618,-2.1182364
2022-04-28 02:36:02.221062,0.9022117999999999,-10.7088618,-2.0790097999999997
2022-04-28 02:36:02.221062,0.9022117999999999,-10.787315,-2.0005566
2022-04-28 02:36:02.221062,0.9022117999999999,-10.7480884,-2.0005566
2022-04-28 02:36:02.221062,0.9022117999999999,-10.7088618,-2.0790097999999997
2022-04-28 02:36:02.221062,0.9022117999999999,-10.787315,-2.0005566
2022-04-28 02:36:02.221062,0.9022117999999999,-10.7480884,-2.0397832
2022-04-28 02:36:02.221062,0.9022117999999999,-10.7480884,-2.0397832
2022-04-28 02:36:02.221062,0.9414384,-10.7480884,-2.0790097999999997
2022-04-28 02:36:02.221062,0.9022117999999999,-10.7480884,-2.0397832
2022-04-28 02:36:02.221062,0.9022117999999999,-10.7480884,-2.0005566
2022-04-28 02:36:02.221062,0.9022117999999999,-10.7480884,-2.0005566
2022-04-28 02:36:02.221062,0.9022117999999999,-10.7088618,-2.0397832
2022-04-28 02:36:02.221062,0.9022117999999999,-10.7480884,-2.0397832
2022-04-28 02:36:02.221062,0.9414384,-10.7480884,-2.0397832
2022-04-28 02:36:02.221062,0.9414384,-10.787315,-2.0005566
2022-04-28 02:36:02.221062,0.8629851999999999,-10.7480884,-2.0397832
2022-04-28 02:36:02.221062,0.9022117999999999,-10.7088618,-2.0790097999999997
2022-04-28 02:36:02.221062,0.9414384,-10.787315,-2.0005566
2022-04-28 02:36:02.221062,0.9414384,-10.7480884,-2.0790097999999997
2022-04-28 02:36:02.221062,0.980665,-10.787315,-2.0790097999999997
2022-04-28 02:36:02.221062,0.9022117999999999,-10.7480884,-2.0397832
2022-04-28 02:36:02.221062,0.9022117999999999,-10.7480884,-2.0397832
2022-04-28 02:36:02.221062,0.9022117999999999,-10.7480884,-2.0397832
2022-04-28 02:36:02.221062,0.8237586,-10.7088618,-2.0397832
2022-04-28 02:36:02.221062,0.9022117999999999,-10.7480884,-2.0790097999999997
2022-04-28 02:36:02.221062,0.9022117999999999,-10.7480884,-2.0397832
2022-04-28 02:36:02.221062,0.9414384,-10.7480884,-2.0397832
2022-04-28 02:36:02.221062,0.9022117999999999,-10.7088618,-2.0005566
2022-04-28 02:36:02.221062,0.9022117999999999,-10.7480884,-2.0397832
2022-04-28 02:36:02.221062,0.9022117999999999,-10.7480884,-2.0790097999999997
2022-04-28 02:36:02.221062,0.9022117999999999,-10.7088618,-2.0005566
2022-04-28 02:36:02.221062,0.9022117999999999,-10.7480884,-2.0005566
2022-04-28 02:36:02.221062,0.9022117999999999,-10.7480884,-2.0005566
2022-04-28 02:36:02.221062,0.9022117999999999,-10.7480884,-2.0397832
2022-04-28 02:36:02.221062,0.8629851999999999,-10.7480884,-2.0397832
2022-04-28 02:36:02.221062,0.9022117999999999,-10.7480884,-2.0397832
2022-04-28 02:36:02.221062,0.9022117999999999,-10.787315,-2.0397832
2022-04-28 02:36:02.221062,0.9022117999999999,-10.7088618,-2.0005566
2022-04-28 02:36:02.221062,0.9022117999999999,-10.7480884,-2.0005566
2022-04-28 02:36:02.221062,0.9414384,-10.7480884,-2.0005566
2022-04-28 02:36:02.221062,0.9022117999999999,-10.7480884,-2.0005566
2022-04-28 02:36:02.221062,0.9022117999999999,-10.787315,-2.0005566
2022-04-28 02:36:02.221062,0.9022117999999999,-10.7480884,-2.0397832
2022-04-28 02:36:02.221062,0.9022117999999999,-10.7480884,-2.0790097999999997
2022-04-28 02:36:02.221062,0.9414384,-10.7480884,-2.0005566
2022-04-28 02:36:02.221062,0.8629851999999999,-10.7088618,-2.0397832
2022-04-28 02:36:02.221062,0.9022117999999999,-10.7480884,-2.0397832
2022-04-28 02:36:02.221062,0.9022117999999999,-10.787315,-2.0005566
2022-04-28 02:36:02.221062,0.9414384,-10.7480884,-1.96133
2022-04-28 02:36:02.221062,0.8629851999999999,-10.7480884,-2.0790097999999997
2022-04-28 02:36:02.221062,0.9022117999999999,-10.7480884,-2.0790097999999997
2022-04-28 02:36:02.221062,0.8629851999999999,-10.7088618,-2.0397832
2022-04-28 02:36:02.221062,0.9022117999999999,-10.7088618,-2.0005566
2022-04-28 02:36:02.221062,0.8629851999999999,-10.7480884,-2.0790097999999997
2022-04-28 02:36:02.221062,0.8629851999999999,-10.7088618,-2.0005566
2022-04-28 02:36:02.221062,0.9414384,-10.7480884,-2.0397832
2022-04-28 02:36:02.221062,0.9022117999999999,-10.7480884,-2.1182364
2022-04-28 02:36:02.221062,0.9022117999999999,-10.7088618,-2.0005566
2022-04-28 02:36:02.221062,0.9022117999999999,-10.7480884,-2.0397832
2022-04-28 02:36:02.221062,0.8629851999999999,-10.7480884,-2.0005566
2022-04-28 02:36:02.221062,0.9022117999999999,-10.7480884,-2.0397832
2022-04-28 02:36:02.221062,0.9022117999999999,-10.7088618,-1.96133
2022-04-28 02:36:02.221062,0.9022117999999999,-10.7480884,-2.0005566
2022-04-28 02:36:02.221062,0.8629851999999999,-10.7088618,-2.0397832
2022-04-28 02:36:02.221062,0.9022117999999999,-10.7480884,-2.0397832
2022-04-28 02:36:02.221062,0.9022117999999999,-10.8265416,-2.0005566
2022-04-28 02:36:02.221062,0.9414384,-10.7088618,-2.0397832
2022-04-28 02:36:02.221062,0.9022117999999999,-10.787315,-2.0397832
2022-04-28 02:36:02.221062,0.9414384,-10.7480884,-2.0397832
2022-04-28 02:36:02.221062,0.8629851999999999,-10.7088618,-2.0005566
2022-04-28 02:36:02.221062,0.9022117999999999,-10.7088618,-2.0790097999999997
2022-04-28 02:36:02.221062,0.8629851999999999,-10.7480884,-2.0005566
2022-04-28 02:36:02.221062,0.8629851999999999,-10.7088618,-2.0397832
2022-04-28 02:36:02.221062,0.9022117999999999,-10.7480884,-2.0790097999999997
2022-04-28 02:36:02.221062,0.9022117999999999,-10.7088618,-2.0397832
2022-04-28 02:36:02.221062,0.8629851999999999,-10.7088618,-2.0005566
2022-04-28 02:36:02.221062,0.9022117999999999,-10.7088618,-1.96133
2022-04-28 02:36:02.221062,0.9022117999999999,-10.7480884,-2.0790097999999997
2022-04-28 02:36:02.221062,0.9022117999999999,-10.7480884,-2.0005566
2022-04-28 02:36:02.221062,0.9022117999999999,-10.7480884,-2.0790097999999997
2022-04-28 02:36:02.221062,0.9414384,-10.7088618,-2.0397832
2022-04-28 02:36:02.221062,0.9414384,-10.7088618,-2.0005566
2022-04-28 02:36:02.221062,0.9022117999999999,-10.7480884,-2.0005566
2022-04-28 02:36:02.221062,0.9022117999999999,-10.7088618,-2.0005566
2022-04-28 02:36:02.221062,0.9022117999999999,-10.787315,-2.0005566
2022-04-28 02:36:02.221062,0.9022117999999999,-10.7480884,-2.1182364
2022-04-28 02:36:02.221062,0.9022117999999999,-10.7088618,-2.0790097999999997
2022-04-28 02:36:02.221062,0.9414384,-10.7480884,-2.0397832
2022-04-28 02:36:02.221062,0.9022117999999999,-10.7480884,-2.0397832
2022-04-28 02:36:02.221062,0.9022117999999999,-10.7480884,-2.0005566
2022-04-28 02:36:02.221062,0.9022117999999999,-10.7480884,-2.0005566
2022-04-28 02:36:02.221062,0.9022117999999999,-10.787315,-2.0005566
2022-04-28 02:36:02.221062,0.9414384,-10.7480884,-2.0397832
2022-04-28 02:36:02.221062,0.9022117999999999,-10.7480884,-2.0005566
2022-04-28 02:36:02.221062,0.9414384,-10.7480884,-2.0005566
2022-04-28 02:36:02.221062,0.9022117999999999,-10.7088618,-2.0397832
2022-04-28 02:36:02.221062,0.9022117999999999,-10.7480884,-2.0005566
2022-04-28 02:36:02.221062,0.8629851999999999,-10.6696352,-2.0005566
2022-04-28 02:36:02.221062,0.8629851999999999,-10.7088618,-2.0005566
2022-04-28 02:36:02.221062,0.9022117999999999,-10.7480884,-2.0397832
2022-04-28 02:36:02.221062,0.8629851999999999,-10.7480884,-2.0005566
2022-04-28 02:36:02.221062,0.9022117999999999,-10.7088618,-2.0397832
2022-04-28 02:36:02.221062,0.9022117999999999,-10.7480884,-2.0397832
2022-04-28 02:36:02.221062,0.9022117999999999,-10.7480884,-2.0005566
2022-04-28 02:36:02.221062,0.9022117999999999,-10.7088618,-2.0005566
2022-04-28 02:36:02.221062,0.8629851999999999,-10.7480884,-1.96133
2022-04-28 02:36:02.221062,0.9022117999999999,-10.7480884,-2.0397832
2022-04-28 02:36:02.221062,0.9022117999999999,-10.7480884,-2.0397832
2022-04-28 02:36:02.221062,0.9022117999999999,-10.7480884,-2.0005566
2022-04-28 02:36:02.221062,0.9022117999999999,-10.7480884,-2.0397832
2022-04-28 02:36:02.221062,0.9022117999999999,-10.7480884,-2.0005566
2022-04-28 02:36:02.221062,0.9414384,-10.7088618,-2.0005566
2022-04-28 02:36:02.221062,0.9022117999999999,-10.7088618,-2.0005566
2022-04-28 02:36:02.221062,0.8629851999999999,-10.7088618,-2.0005566
2022-04-28 02:36:02.221062,0.9022117999999999,-10.7480884,-2.0397832
2022-04-28 02:36:02.221062,0.8629851999999999,-10.787315,-2.0397832
2022-04-28 02:36:02.221062,0.9414384,-10.7480884,-2.0790097999999997
2022-04-28 02:36:02.221062,0.9022117999999999,-10.7088618,-2.0005566
2022-04-28 02:36:02.221062,0.9022117999999999,-10.7480884,-2.0005566
2022-04-28 02:36:02.221062,0.9022117999999999,-10.7480884,-2.0397832
2022-04-28 02:36:02.221062,0.8629851999999999,-10.7088618,-2.0005566
2022-04-28 02:36:02.221062,0.9414384,-10.787315,-2.0005566
2022-04-28 02:36:02.221062,0.9414384,-10.7480884,-2.0397832
2022-04-28 02:36:02.221062,0.9022117999999999,-10.7088618,-2.0005566
2022-04-28 02:36:02.221062,0.9022117999999999,-10.7088618,-2.0005566
2022-04-28 02:36:02.221062,0.8629851999999999,-10.7480884,-2.0397832
2022-04-28 02:36:02.221062,0.9022117999999999,-10.7480884,-2.0397832
2022-04-28 02:36:02.221062,0.9022117999999999,-10.7480884,-2.0005566
2022-04-28 02:36:02.221062,0.9414384,-10.7480884,-2.0397832
2022-04-28 02:36:02.221062,0.9022117999999999,-10.7480884,-2.0005566
2022-04-28 02:36:02.221062,0.9022117999999999,-10.7088618,-2.0397832
2022-04-28 02:36:02.221062,0.9022117999999999,-10.7480884,-2.0397832
2022-04-28 02:36:02.221062,0.8629851999999999,-10.7480884,-2.0005566
2022-04-28 02:36:02.221062,0.9022117999999999,-10.7088618,-2.0790097999999997
2022-04-28 02:36:02.221062,0.9414384,-10.7480884,-2.0005566
2022-04-28 02:36:02.221062,0.9414384,-10.787315,-2.0005566
2022-04-28 02:36:02.221062,0.9414384,-10.7480884,-2.0790097999999997
2022-04-28 02:36:02.221062,0.9022117999999999,-10.7480884,-2.0790097999999997
2022-04-28 02:36:02.221062,0.8629851999999999,-10.7480884,-1.96133
2022-04-28 02:36:02.221062,0.8629851999999999,-10.7088618,-1.96133
2022-04-28 02:36:02.221062,0.9022117999999999,-10.787315,-2.0005566
2022-04-28 02:36:02.221062,0.9022117999999999,-10.7480884,-2.157463
2022-04-28 02:36:02.221062,0.9022117999999999,-10.7480884,-2.0397832
2022-04-28 02:36:02.221062,0.8629851999999999,-10.7088618,-2.1182364
2022-04-28 02:36:02.221062,0.8629851999999999,-10.7088618,-1.96133
2022-04-28 02:36:02.221062,0.9414384,-10.7088618,-2.0005566
2022-04-28 02:36:02.221062,0.8629851999999999,-10.7480884,-2.0005566
2022-04-28 02:36:02.221062,0.9022117999999999,-10.7088618,-2.0005566
2022-04-28 02:36:02.221062,0.9022117999999999,-10.7088618,-2.0790097999999997
2022-04-28 02:36:02.221062,0.9022117999999999,-10.7480884,-2.0790097999999997
2022-04-28 02:36:02.221062,0.9414384,-10.7480884,-2.0790097999999997
2022-04-28 02:36:02.221062,0.9022117999999999,-10.7480884,-1.96133
2022-04-28 02:36:02.221062,0.9022117999999999,-10.7480884,-2.0397832
2022-04-28 02:36:02.221062,0.8629851999999999,-10.7088618,-2.0790097999999997
2022-04-28 02:36:02.221062,0.9022117999999999,-10.7480884,-2.0790097999999997
2022-04-28 02:36:02.221062,0.9414384,-10.7480884,-2.0397832
2022-04-28 02:36:02.221062,0.9022117999999999,-10.7480884,-2.0397832
2022-04-28 02:36:02.221062,0.9022117999999999,-10.7088618,-2.0397832
2022-04-28 02:36:02.221062,0.9022117999999999,-10.7480884,-2.0005566
2022-04-28 02:36:02.221062,0.9022117999999999,-10.7088618,-2.0397832
2022-04-28 02:36:02.221062,0.9022117999999999,-10.7088618,-1.96133
2022-04-28 02:36:02.221062,0.9022117999999999,-10.7480884,-2.0397832
2022-04-28 02:36:02.221062,0.9414384,-10.787315,-2.0397832
2022-04-28 02:36:02.221062,0.9414384,-10.7480884,-2.0397832
2022-04-28 02:36:02.221062,0.9414384,-10.7480884,-2.0005566
2022-04-28 02:36:02.221062,0.8629851999999999,-10.7088618,-2.0005566
2022-04-28 02:36:02.221062,0.9022117999999999,-10.7480884,-2.0397832
2022-04-28 02:36:02.221062,0.8629851999999999,-10.7480884,-2.0005566
2022-04-28 02:36:02.221062,0.9022117999999999,-10.7480884,-1.96133
2022-04-28 02:36:02.221062,0.8629851999999999,-10.7088618,-2.0397832
2022-04-28 02:36:02.221062,0.9414384,-10.787315,-2.0790097999999997
2022-04-28 02:36:02.221062,0.9022117999999999,-10.7480884,-2.0397832
2022-04-28 02:36:02.221062,0.8629851999999999,-10.7480884,-2.0005566
2022-04-28 02:36:02.221062,0.8629851999999999,-10.7480884,-2.0005566
2022-04-28 02:36:02.221062,0.9022117999999999,-10.787315,-2.0397832
2022-04-28 02:36:02.221062,0.9022117999999999,-10.7480884,-2.0397832
2022-04-28 02:36:02.221062,0.9414384,-10.787315,-2.0790097999999997
2022-04-28 02:36:02.221062,0.8629851999999999,-10.7088618,-2.0005566
2022-04-28 02:36:02.221062,0.9022117999999999,-10.7480884,-2.0005566
2022-04-28 02:36:02.221062,0.9022117999999999,-10.7088618,-1.96133
2022-04-28 02:36:02.221062,0.8629851999999999,-10.7088618,-1.96133
2022-04-28 02:36:02.221062,0.8629851999999999,-10.7480884,-2.0397832
2022-04-28 02:36:02.221062,0.9414384,-10.7480884,-2.0005566
2022-04-28 02:36:02.221062,0.8629851999999999,-10.7480884,-2.0397832
2022-04-28 02:36:02.221062,0.9022117999999999,-10.7088618,-2.0005566
2022-04-28 02:36:02.221062,0.9022117999999999,-10.7088618,-2.0005566
2022-04-28 02:36:02.221062,0.9022117999999999,-10.7480884,-2.0397832
2022-04-28 02:36:02.221062,0.8237586,-10.7088618,-2.0397832
2022-04-28 02:36:02.221062,0.8629851999999999,-10.7480884,-2.0397832
2022-04-28 02:36:02.221062,0.9022117999999999,-10.7088618,-2.0790097999999997
2022-04-28 02:36:02.221062,0.8629851999999999,-10.7088618,-2.0790097999999997
2022-04-28 02:36:02.221062,0.9022117999999999,-10.7480884,-2.0397832
2022-04-28 02:36:02.221062,0.9022117999999999,-10.7088618,-2.0005566
2022-04-28 02:36:02.221062,0.9414384,-10.7088618,-2.0397832
2022-04-28 02:36:02.221062,0.9022117999999999,-10.7480884,-1.96133
2022-04-28 02:36:02.221062,0.9022117999999999,-10.7480884,-2.0397832
2022-04-28 02:36:02.221062,0.9022117999999999,-10.787315,-2.0397832
2022-04-28 02:36:02.221062,0.8629851999999999,-10.7480884,-2.0005566
2022-04-28 02:36:02.221062,0.9414384,-10.7480884,-2.0397832
2022-04-28 02:36:02.221062,0.9022117999999999,-10.7480884,-2.0397832
2022-04-28 02:36:02.221062,0.9022117999999999,-10.7480884,-2.0005566
2022-04-28 02:36:02.221062,0.9022117999999999,-10.7480884,-2.0397832
2022-04-28 02:36:02.221062,0.9022117999999999,-10.7088618,-2.0005566
2022-04-28 02:36:02.221062,0.8629851999999999,-10.7480884,-2.0397832
2022-04-28 02:36:02.221062,0.9022117999999999,-10.7088618,-2.0005566
2022-04-28 02:36:02.221062,0.9414384,-10.7480884,-2.0397832
2022-04-28 02:36:02.221062,0.9022117999999999,-10.7088618,-2.0005566
2022-04-28 02:36:02.221062,0.9022117999999999,-10.7480884,-2.0790097999999997
2022-04-28 02:36:02.221062,0.9022117999999999,-10.7088618,-2.0005566
2022-04-28 02:36:02.221062,0.9022117999999999,-10.7480884,-2.0005566
2022-04-28 02:36:02.221062,0.9414384,-10.7480884,-2.0397832
2022-04-28 02:36:02.221062,0.8629851999999999,-10.7480884,-1.96133
2022-04-28 02:36:02.221062,0.9022117999999999,-10.7088618,-2.0397832
2022-04-28 02:36:02.221062,0.8629851999999999,-10.7088618,-2.0397832
2022-04-28 02:36:02.221062,0.8629851999999999,-10.7088618,-1.96133
2022-04-28 02:36:02.221062,0.9022117999999999,-10.7480884,-2.0005566
2022-04-28 02:36:02.221062,0.9022117999999999,-10.7480884,-2.0790097999999997
2022-04-28 02:36:02.221062,0.9414384,-10.7480884,-2.0005566
2022-04-28 02:36:02.221062,0.8629851999999999,-10.7088618,-2.0397832
2022-04-28 02:36:02.221062,0.9414384,-10.787315,-2.0397832
2022-04-28 02:36:02.221062,0.9022117999999999,-10.7480884,-2.0397832
2022-04-28 02:36:02.221062,0.9022117999999999,-10.7480884,-2.0397832
2022-04-28 02:36:02.221062,0.9022117999999999,-10.7480884,-1.96133
2022-04-28 02:36:02.221062,0.8629851999999999,-10.6696352,-2.0005566
2022-04-28 02:36:02.221062,0.9022117999999999,-10.7480884,-2.0005566
2022-04-28 02:36:02.221062,0.9022117999999999,-10.7088618,-2.0790097999999997
2022-04-28 02:36:02.221062,0.9414384,-10.7480884,-2.0005566
2022-04-28 02:36:02.221062,0.9022117999999999,-10.7088618,-2.0790097999999997
2022-04-28 02:36:02.221062,0.9022117999999999,-10.7088618,-2.0397832
2022-04-28 02:36:02.221062,0.9022117999999999,-10.7480884,-2.0005566
2022-04-28 02:36:02.221062,0.8629851999999999,-10.7480884,-2.0005566
2022-04-28 02:36:02.221062,0.9022117999999999,-10.7480884,-2.0397832
2022-04-28 02:36:02.221062,0.9414384,-10.7480884,-2.0397832
2022-04-28 02:36:02.221062,0.9022117999999999,-10.7480884,-2.0397832
2022-04-28 02:36:02.221062,0.8629851999999999,-10.7088618,-2.0397832
2022-04-28 02:36:02.221062,0.9022117999999999,-10.7480884,-2.0005566
2022-04-28 02:36:02.221062,0.9022117999999999,-10.7480884,-2.0790097999999997
2022-04-28 02:36:02.221062,0.9022117999999999,-10.7480884,-1.96133
2022-04-28 02:36:02.221062,0.9022117999999999,-10.7480884,-2.0397832
2022-04-28 02:36:02.221062,0.9022117999999999,-10.7480884,-1.96133
2022-04-28 02:36:02.221062,0.8629851999999999,-10.7480884,-2.0790097999999997
2022-04-28 02:36:02.221062,0.9022117999999999,-10.7480884,-2.0790097999999997
2022-04-28 02:36:02.221062,0.9414384,-10.7480884,-2.0397832
2022-04-28 02:36:02.221062,0.8629851999999999,-10.7088618,-2.0397832
2022-04-28 02:36:02.221062,0.9414384,-10.7480884,-2.0790097999999997
2022-04-28 02:36:02.221062,0.8629851999999999,-10.7480884,-1.96133
2022-04-28 02:36:02.221062,0.9414384,-10.787315,-2.0005566
2022-04-28 02:36:02.221062,0.9022117999999999,-10.7480884,-2.0397832
2022-04-28 02:36:02.221062,0.9022117999999999,-10.7480884,-2.0397832
2022-04-28 02:36:02.221062,0.9022117999999999,-10.7088618,-2.0397832
2022-04-28 02:36:02.221062,0.9022117999999999,-10.7088618,-2.0005566
2022-04-28 02:36:02.221062,0.8629851999999999,-10.7088618,-2.0397832
2022-04-28 02:36:02.221062,0.9414384,-10.7480884,-2.0397832
2022-04-28 02:36:02.221062,0.9022117999999999,-10.7088618,-2.0005566
2022-04-28 02:36:02.221062,0.8629851999999999,-10.7480884,-2.0397832
2022-04-28 02:36:02.221062,0.9022117999999999,-10.7480884,-2.0005566
2022-04-28 02:36:02.221062,0.9414384,-10.7480884,-2.0397832
2022-04-28 02:36:02.221062,0.9022117999999999,-10.7480884,-1.96133
2022-04-28 02:36:02.221062,0.9022117999999999,-10.7480884,-2.0005566
2022-04-28 02:36:02.221062,0.9414384,-10.7480884,-2.0397832
2022-04-28 02:36:02.221062,0.9414384,-10.7480884,-2.0005566
2022-04-28 02:36:02.221062,0.8629851999999999,-10.6696352,-2.0790097999999997
2022-04-28 02:36:02.221062,0.8629851999999999,-10.7480884,-2.0397832
2022-04-28 02:36:02.221062,0.9022117999999999,-10.7480884,-2.0397832
2022-04-28 02:36:02.221062,0.9022117999999999,-10.7480884,-2.0397832
2022-04-28 02:36:02.221062,0.9022117999999999,-10.7480884,-2.0005566
2022-04-28 02:36:02.221062,0.9022117999999999,-10.7480884,-2.0397832
2022-04-28 02:36:02.221062,0.8629851999999999,-10.7480884,-2.0005566
2022-04-28 02:36:02.221062,0.8629851999999999,-10.7480884,-2.0005566
2022-04-28 02:36:02.221062,0.9022117999999999,-10.7480884,-2.0005566
2022-04-28 02:36:02.221062,0.8629851999999999,-10.7480884,-2.0790097999999997
2022-04-28 02:36:02.221062,0.9022117999999999,-10.7088618,-2.0005566
2022-04-28 02:36:02.221062,0.9414384,-10.7480884,-2.0397832
2022-04-28 02:36:02.221062,0.9022117999999999,-10.7480884,-2.0397832
2022-04-28 02:36:02.221062,0.9414384,-10.7480884,-2.0005566
2022-04-28 02:36:02.221062,0.9022117999999999,-10.7480884,-2.0397832
2022-04-28 02:36:02.221062,0.8629851999999999,-10.7480884,-2.0005566
2022-04-28 02:36:02.221062,0.8629851999999999,-10.7088618,-2.0397832
2022-04-28 02:36:02.221062,0.8629851999999999,-10.7480884,-2.0005566
2022-04-28 02:36:02.221062,0.8629851999999999,-10.7480884,-2.0005566
2022-04-28 02:36:02.221062,0.8629851999999999,-10.7088618,-2.0790097999999997
2022-04-28 02:36:02.221062,0.9414384,-10.7480884,-2.0790097999999997
2022-04-28 02:36:02.221062,0.9022117999999999,-10.7088618,-2.0790097999999997
2022-04-28 02:36:02.221062,0.9414384,-10.7480884,-2.0397832
2022-04-28 02:36:02.221062,0.9022117999999999,-10.7088618,-2.0005566
2022-04-28 02:36:02.221062,0.9022117999999999,-10.7088618,-2.0005566
2022-04-28 02:36:02.221062,0.9022117999999999,-10.7480884,-2.0005566
2022-04-28 02:36:02.221062,0.8237586,-10.7088618,-2.0790097999999997
2022-04-28 02:36:02.221062,0.9022117999999999,-10.7480884,-2.0397832
2022-04-28 02:36:02.221062,0.9414384,-10.7480884,-2.0397832
2022-04-28 02:36:02.221062,0.9022117999999999,-10.7480884,-2.0005566
2022-04-28 02:36:02.221062,0.9022117999999999,-10.7088618,-2.0397832
2022-04-28 02:36:02.221062,0.9022117999999999,-10.7480884,-2.0790097999999997
2022-04-28 02:36:02.221062,0.9022117999999999,-10.787315,-2.0790097999999997
2022-04-28 02:36:02.221062,0.8629851999999999,-10.7088618,-2.0005566
2022-04-28 02:36:02.221062,0.8629851999999999,-10.787315,-2.0397832
2022-04-28 02:36:02.221062,0.9022117999999999,-10.7480884,-2.0005566
2022-04-28 02:36:02.221062,0.8629851999999999,-10.7088618,-2.0005566
2022-04-28 02:36:02.221062,0.8629851999999999,-10.7088618,-2.0397832
2022-04-28 02:36:02.221062,0.9022117999999999,-10.7480884,-2.0397832
2022-04-28 02:36:02.221062,0.9022117999999999,-10.7480884,-2.0397832
2022-04-28 02:36:02.221062,0.9414384,-10.7088618,-2.0005566
2022-04-28 02:36:02.221062,0.9022117999999999,-10.7480884,-2.0005566
2022-04-28 02:36:02.221062,0.9022117999999999,-10.7480884,-2.0397832
2022-04-28 02:36:02.221062,0.9022117999999999,-10.7480884,-2.0397832
2022-04-28 02:36:02.221062,0.8629851999999999,-10.7088618,-2.0397832
2022-04-28 02:36:02.221062,0.9414384,-10.7480884,-2.0005566
2022-04-28 02:36:02.221062,0.8629851999999999,-10.6696352,-2.0397832
2022-04-28 02:36:02.221062,0.9022117999999999,-10.787315,-2.0005566
2022-04-28 02:36:02.221062,0.9022117999999999,-10.7480884,-2.0005566
2022-04-28 02:36:02.221062,0.9022117999999999,-10.7088618,-1.96133
2022-04-28 02:36:02.221062,0.9022117999999999,-10.787315,-2.0005566
2022-04-28 02:36:02.221062,0.9414384,-10.7088618,-2.0397832
2022-04-28 02:36:02.221062,0.8629851999999999,-10.7088618,-2.0005566
2022-04-28 02:36:02.221062,0.9022117999999999,-10.7088618,-2.0005566
2022-04-28 02:36:02.221062,0.9414384,-10.7480884,-2.0397832
2022-04-28 02:36:02.221062,0.9414384,-10.7480884,-2.0397832
2022-04-28 02:36:02.221062,0.9022117999999999,-10.7088618,-2.0790097999999997
2022-04-28 02:36:02.221062,0.8629851999999999,-10.7480884,-2.0005566
2022-04-28 02:36:02.221062,0.9022117999999999,-10.7480884,-2.0790097999999997
2022-04-28 02:36:02.221062,0.8629851999999999,-10.7088618,-2.0790097999999997
2022-04-28 02:36:02.221062,0.9414384,-10.7480884,-1.96133
2022-04-28 02:36:02.221062,0.9414384,-10.7480884,-2.0397832
2022-04-28 02:36:02.221062,0.9022117999999999,-10.7480884,-2.0790097999999997
2022-04-28 02:36:02.221062,0.9414384,-10.7480884,-2.0397832
2022-04-28 02:36:02.221062,0.9022117999999999,-10.787315,-1.96133
2022-04-28 02:36:02.221062,0.980665,-10.787315,-2.0397832
2022-04-28 02:36:02.221062,0.8629851999999999,-10.7480884,-2.0005566
2022-04-28 02:36:02.221062,0.9022117999999999,-10.7088618,-2.0790097999999997
2022-04-28 02:36:02.221062,0.9022117999999999,-10.787315,-2.0790097999999997
2022-04-28 02:36:02.221062,0.8629851999999999,-10.7480884,-2.0005566
2022-04-28 02:36:02.221062,0.8237586,-10.7088618,-2.0005566
2022-04-28 02:36:02.221062,0.9414384,-10.7480884,-2.0005566
2022-04-28 02:36:02.221062,0.9022117999999999,-10.7088618,-2.1182364
2022-04-28 02:36:02.221062,0.9022117999999999,-10.7088618,-2.0005566
2022-04-28 02:36:02.221062,0.9022117999999999,-10.787315,-1.96133
2022-04-28 02:36:02.221062,0.9022117999999999,-10.7480884,-2.0005566
2022-04-28 02:36:02.221062,0.9414384,-10.7480884,-2.0397832
2022-04-28 02:36:02.221062,0.9022117999999999,-10.7088618,-2.0790097999999997
2022-04-28 02:36:02.221062,0.9022117999999999,-10.7088618,-2.0005566
2022-04-28 02:36:02.221062,0.8629851999999999,-10.7480884,-2.0005566
2022-04-28 02:36:02.221062,0.9022117999999999,-10.7088618,-2.0397832
2022-04-28 02:36:02.221062,0.9022117999999999,-10.7480884,-1.96133
2022-04-28 02:36:02.221062,0.9022117999999999,-10.7088618,-2.0005566
2022-04-28 02:36:02.221062,0.9022117999999999,-10.7088618,-2.0005566
2022-04-28 02:36:02.221062,0.8629851999999999,-10.7480884,-2.0005566
2022-04-28 02:36:02.221062,0.8629851999999999,-10.7088618,-2.1182364
2022-04-28 02:36:02.221062,0.8629851999999999,-10.7088618,-2.0005566
2022-04-28 02:36:02.221062,0.9022117999999999,-10.7480884,-2.0005566
2022-04-28 02:36:02.221062,0.9414384,-10.787315,-2.0005566
2022-04-28 02:36:02.221062,0.9022117999999999,-10.7480884,-2.0790097999999997
2022-04-28 02:36:02.221062,0.9022117999999999,-10.7088618,-2.0005566
2022-04-28 02:36:02.221062,0.9022117999999999,-10.7480884,-2.0397832
2022-04-28 02:36:02.221062,0.9022117999999999,-10.7480884,-2.0397832
2022-04-28 02:36:02.221062,0.8629851999999999,-10.7088618,-2.0397832
2022-04-28 02:36:02.221062,0.9022117999999999,-10.7088618,-2.0005566
2022-04-28 02:36:02.221062,0.9022117999999999,-10.7088618,-2.0397832
2022-04-28 02:36:02.221062,0.9022117999999999,-10.787315,-2.0005566
2022-04-28 02:36:02.221062,0.8629851999999999,-10.7480884,-2.0790097999999997
2022-04-28 02:36:02.221062,0.9022117999999999,-10.787315,-2.0397832
2022-04-28 02:36:02.221062,0.9022117999999999,-10.7480884,-2.0397832
2022-04-28 02:36:02.221062,0.9022117999999999,-10.7088618,-1.96133
2022-04-28 02:36:02.221062,0.9022117999999999,-10.7088618,-2.1182364
2022-04-28 02:36:02.221062,0.9414384,-10.7088618,-2.0397832
2022-04-28 02:36:02.221062,0.9022117999999999,-10.7480884,-2.0397832
2022-04-28 02:36:02.221062,0.9022117999999999,-10.7480884,-2.0005566
2022-04-28 02:36:02.221062,0.9022117999999999,-10.7480884,-2.0790097999999997
2022-04-28 02:36:02.221062,0.9414384,-10.7480884,-2.0397832
2022-04-28 02:36:02.221062,0.8629851999999999,-10.7480884,-2.0397832
2022-04-28 02:36:02.221062,0.9022117999999999,-10.7480884,-2.0397832
2022-04-28 02:36:02.221062,0.9022117999999999,-10.7088618,-2.0005566
2022-04-28 02:36:02.221062,0.9022117999999999,-10.7480884,-2.0397832
2022-04-28 02:36:02.221062,0.9022117999999999,-10.7088618,-2.0005566
2022-04-28 02:36:02.221062,0.8629851999999999,-10.7088618,-2.0397832
2022-04-28 02:36:02.221062,0.9022117999999999,-10.7480884,-2.0005566
2022-04-28 02:36:02.221062,0.9022117999999999,-10.7480884,-2.0397832
2022-04-28 02:36:02.221062,0.9414384,-10.787315,-2.0790097999999997
2022-04-28 02:36:02.221062,0.9414384,-10.7088618,-2.0005566
2022-04-28 02:36:02.221062,0.8629851999999999,-10.7480884,-1.96133
2022-04-28 02:36:02.221062,0.9022117999999999,-10.7088618,-2.0397832
2022-04-28 02:36:02.221062,0.8629851999999999,-10.7088618,-2.0005566
2022-04-28 02:36:02.221062,0.8629851999999999,-10.7088618,-2.0005566
2022-04-28 02:36:02.221062,0.9022117999999999,-10.7480884,-2.0005566
2022-04-28 02:36:02.221062,0.9022117999999999,-10.7088618,-2.0005566
2022-04-28 02:36:02.221062,0.9414384,-10.7480884,-2.0005566
2022-04-28 02:36:02.221062,0.9022117999999999,-10.7088618,-2.0005566
2022-04-28 02:36:02.221062,0.9022117999999999,-10.7088618,-2.0005566
2022-04-28 02:36:02.221062,0.9022117999999999,-10.7480884,-2.0397832
2022-04-28 02:36:02.221062,0.9414384,-10.7088618,-2.0397832
2022-04-28 02:36:02.221062,0.9414384,-10.7480884,-2.0005566
2022-04-28 02:36:02.221062,0.9022117999999999,-10.7480884,-2.0005566
2022-04-28 02:36:02.221062,0.9414384,-10.7480884,-1.96133
2022-04-28 02:36:02.221062,0.9022117999999999,-10.7480884,-2.0005566
2022-04-28 02:36:02.221062,0.9414384,-10.7088618,-2.0005566
2022-04-28 02:36:02.221062,0.9022117999999999,-10.7088618,-2.0790097999999997
2022-04-28 02:36:02.221062,0.8629851999999999,-10.7480884,-2.0397832
2022-04-28 02:36:02.221062,0.9414384,-10.7480884,-2.0397832
2022-04-28 02:36:02.221062,0.9022117999999999,-10.7480884,-2.0397832
2022-04-28 02:36:02.221062,0.8629851999999999,-10.7480884,-2.0397832
2022-04-28 02:36:02.221062,0.9414384,-10.787315,-2.0790097999999997
2022-04-28 02:36:02.221062,0.9022117999999999,-10.7088618,-2.0397832
2022-04-28 02:36:02.221062,0.9022117999999999,-10.7480884,-2.0397832
2022-04-28 02:36:02.221062,0.9022117999999999,-10.7480884,-1.96133
2022-04-28 02:36:02.221062,0.8629851999999999,-10.7480884,-2.0397832
2022-04-28 02:36:02.221062,0.9022117999999999,-10.7480884,-2.0397832
2022-04-28 02:36:02.221062,0.9022117999999999,-10.7480884,-2.0790097999999997
2022-04-28 02:36:02.221062,0.9022117999999999,-10.7480884,-2.0005566
2022-04-28 02:36:02.221062,0.9022117999999999,-10.7480884,-2.0005566
2022-04-28 02:36:02.221062,0.9414384,-10.7480884,-2.0397832
